,match_id,Tournament,P1,P2,Pt,Set1,Set2,Gm1,Gm2,Pts,SrvDceSide,Gm#,TbSet,TB?,TBpt,Svr,Ret,Serving,1st,2nd,Notes,1stNoLet,2ndNoLet,1stSV,2ndSV,1stNoSV,2ndNoSV,1stIn,2ndIn,isRally1st,isRally2nd,Sv1,Sv2,Rally,isAce,isUnret,isRallyWinner,isForced,isUnforced,isDouble,rallyNoSpec,rallyNoError,rallyNoDirection,rallyLen,PtWinner,isSvrWinner,PtsAfter,GmW,Gm1.1,Gm2.1,SetW,Set1.1,Set2.1,RevTB,TBrev,rallyCount
7,20180318,Indian_Wells_Masters,Roger_Federer,Juan_Martin_Del_Potro,8,0,0,1,0,0-15,1,2,1,0,,2,1,JMD,4 s39 f3 b1*,,,4s39f3b1*,,0,,4s39f3b1*,,1,,1,0,4,,s39f3b1*,False,False,True,False,False,False,s39f3b1,s39f3b1,sfb,3,1,0,0-30,0,1,0,0,0,0,,,4
13,20180318,Indian_Wells_Masters,Roger_Federer,Juan_Martin_Del_Potro,14,0,0,1,1,15-0,1,3,1,0,,1,2,RF,4 b38 f3 b2 f2 f1 f1n#,,,4b38f3b2f2f1f1n#,,0,,4b38f3b2f2f1f1n#,,1,,1,0,4,,b38f3b2f2f1f1n#,False,False,False,True,False,False,b38f3b2f2f1f1n,b38f3b2f2f1f1,bfbfff,6,2,0,15-15,0,1,1,0,0,0,,,6
24,20180318,Indian_Wells_Masters,Roger_Federer,Juan_Martin_Del_Potro,25,0,0,2,2,0-15,1,5,1,0,,1,2,RF,6 f29 f3 f3 b3 s+3 f3 z2*,,,6f29f3f3b3s+3f3z2*,,0,,6f29f3f3b3s+3f3z2*,,1,,1,0,6,,f29f3f3b3s+3f3z2*,False,False,True,False,False,False,f29f3f3b3s3f3z2,f29f3f3b3s3f3z2,fffbsfz,7,2,0,0-30,0,2,2,0,0,0,,,8
26,20180318,Indian_Wells_Masters,Roger_Federer,Juan_Martin_Del_Potro,27,0,0,2,2,0-40,1,5,1,0,,1,2,RF,6 f18 f1n@,,,6f18f1n@,,0,,6f18f1n@,,1,,1,0,6,,f18f1n@,False,False,False,False,True,False,f18f1n,f18f1,ff,2,2,0,GM,2,2,3,0,0,0,,,2
32,20180318,Indian_Wells_Masters,Roger_Federer,Juan_Martin_Del_Potro,33,0,0,2,3,40-30,1,6,1,0,,2,1,JMD,4 b38 f3 b1 r2 f+3 m2d#,,,4b38f3b1r2f+3m2d#,,0,,4b38f3b1r2f+3m2d#,,1,,1,0,4,,b38f3b1r2f+3m2d#,False,False,False,True,False,False,b38f3b1r2f3m2d,b38f3b1r2f3m2,bfbrfm,6,1,0,40-40,0,2,3,0,0,0,,,6
39,20180318,Indian_Wells_Masters,Roger_Federer,Juan_Martin_Del_Potro,40,0,0,2,4,40-15,1,7,1,0,,1,2,RF,5 b28 f1x@,,,5b28f1x@,,0,,5b28f1x@,,1,,1,0,5,,b28f1x@,False,False,False,False,True,False,b28f1x,b28f1,bf,2,2,0,40-30,0,2,4,0,0,0,,,2
56,20180318,Indian_Wells_Masters,Roger_Federer,Juan_Martin_Del_Potro,57,0,1,0,0,0-15,1,11,1,0,,1,2,RF,6 f29 f3 s2 f1w@,,,6f29f3s2f1w@,,0,,6f29f3s2f1w@,,1,,1,0,6,,f29f3s2f1w@,False,False,False,False,True,False,f29f3s2f1w,f29f3s2f1,ffsf,4,2,0,0-30,0,0,0,0,0,1,,,4
58,20180318,Indian_Wells_Masters,Roger_Federer,Juan_Martin_Del_Potro,59,0,1,0,0,15-30,1,11,1,0,,1,2,RF,4 b39 b3 f3 s2 f1*,,,4b39b3f3s2f1*,,0,,4b39b3f3s2f1*,,1,,1,0,4,,b39b3f3s2f1*,False,False,True,False,False,False,b39b3f3s2f1,b39b3f3s2f1,bbfsf,5,2,0,15-40,0,0,0,0,0,1,,,6
64,20180318,Indian_Wells_Masters,Roger_Federer,Juan_Martin_Del_Potro,65,0,1,1,0,15-0,1,12,1,0,,2,1,JMD,6 f28 f3y1 r2 m+2 t2 v3 s2 v1*,,,6f28f3y1r2m+2t2v3s2v1*,,0,,6f28f3y1r2m+2t2v3s2v1*,,1,,1,0,6,,f28f3y1r2m+2t2v3s2v1*,False,False,True,False,False,False,f28f3y1r2m2t2v3s2v1,f28f3y1r2m2t2v3s2v1,ffyrmtvsv,9,1,0,15-15,0,1,0,0,0,1,,,10
91,20180318,Indian_Wells_Masters,Roger_Federer,Juan_Martin_Del_Potro,92,0,1,3,3,15-0,1,17,1,0,,1,2,RF,6 f17 f3x@,,,6f17f3x@,,0,,6f17f3x@,,1,,1,0,6,,f17f3x@,False,False,False,False,True,False,f17f3x,f17f3,ff,2,2,0,15-15,0,3,3,0,0,1,,,2
105,20180318,Indian_Wells_Masters,Roger_Federer,Juan_Martin_Del_Potro,106,0,1,4,4,40-15,1,19,1,0,,1,2,RF,4+ f18*,,,4+f18*,,1,,4f18*,,1,,1,0,4,,f18*,False,False,True,False,False,False,f18,f18,f,1,2,0,40-30,0,4,4,0,0,1,,,2
110,20180318,Indian_Wells_Masters,Roger_Federer,Juan_Martin_Del_Potro,111,0,1,5,4,15-30,1,20,1,0,,2,1,JMD,4 s17 f+3d@,,,4s17f+3d@,,0,,4s17f+3d@,,1,,1,0,4,,s17f+3d@,False,False,False,False,True,False,s17f3d,s17f3,sf,2,1,0,15-40,0,5,4,0,0,1,,,2
131,20180318,Indian_Wells_Masters,Roger_Federer,Juan_Martin_Del_Potro,150,1,1,0,0,40-15,1,24,1,0,,2,1,JMD,4 f17*,,,4f17*,,0,,4f17*,,1,,1,0,4,,f17*,False,False,True,False,False,False,f17,f17,f,1,1,0,40-30,0,0,0,0,1,1,,,2
132,20180318,Indian_Wells_Masters,Roger_Federer,Juan_Martin_Del_Potro,151,1,1,0,0,40-30,1,24,1,0,,2,1,JMD,4 s37 f1 l2 o=2 f2 f1w@,,,4s37f1l2o=2f2f1w@,,0,,4s37f1l2o=2f2f1w@,,1,,1,0,4,,s37f1l2o=2f2f1w@,False,False,False,False,True,False,s37f1l2o2f2f1w,s37f1l2o2f2f1,sfloff,6,1,0,40-40,0,0,0,0,1,1,,,6
134,20180318,Indian_Wells_Masters,Roger_Federer,Juan_Martin_Del_Potro,153,1,1,0,0,AD-40,1,24,1,0,,2,1,JMD,6 f27 f+2 b2 z3d#,,,6f27f+2b2z3d#,,0,,6f27f+2b2z3d#,,1,,1,0,6,,f27f+2b2z3d#,False,False,False,True,False,False,f27f2b2z3d,f27f2b2z3,ffbz,4,1,0,40-40,0,0,0,0,1,1,,,4
140,20180318,Indian_Wells_Masters,Roger_Federer,Juan_Martin_Del_Potro,159,1,1,0,1,30-15,1,25,1,0,,1,2,RF,c4 s37u+3 s1 l2 p2*,,,4s37u+3s1l2p2*,,0,,4s37u+3s1l2p2*,,1,,1,0,4,,s37u+3s1l2p2*,False,False,True,False,False,False,s37u3s1l2p2,s37u3s1l2p2,suslp,5,2,0,30-30,0,0,1,0,1,1,,,6
146,20180318,Indian_Wells_Masters,Roger_Federer,Juan_Martin_Del_Potro,165,1,1,1,1,30-15,1,26,1,0,,2,1,JMD,6 f28 f1w@,,,6f28f1w@,,0,,6f28f1w@,,1,,1,0,6,,f28f1w@,False,False,False,False,True,False,f28f1w,f28f1,ff,2,1,0,30-30,0,1,1,0,1,1,,,2
161,20180318,Indian_Wells_Masters,Roger_Federer,Juan_Martin_Del_Potro,180,1,1,2,3,15-0,1,29,1,0,,1,2,RF,4 b27 f2n@,,,4b27f2n@,,0,,4b27f2n@,,1,,1,0,4,,b27f2n@,False,False,False,False,True,False,b27f2n,b27f2,bf,2,2,0,15-15,0,2,3,0,1,1,,,2
191,20180318,Indian_Wells_Masters,Roger_Federer,Juan_Martin_Del_Potro,210,1,1,5,4,AD-40,1,33,1,0,,1,2,RF,6 f38 b1 r2y+1 r3*,,,6f38b1r2y+1r3*,,0,,6f38b1r2y+1r3*,,1,,1,0,6,,f38b1r2y+1r3*,False,False,True,False,False,False,f38b1r2y1r3,f38b1r2y1r3,fbryr,5,2,0,40-40,0,5,4,0,1,1,,,6
193,20180318,Indian_Wells_Masters,Roger_Federer,Juan_Martin_Del_Potro,212,1,1,5,4,40-AD,1,33,1,0,,1,2,RF,4 b39 f3 b3 b2 f2 f2 b2 b3 b3 f1 f1*,,,4b39f3b3b2f2f2b2b3b3f1f1*,,0,,4b39f3b3b2f2f2b2b3b3f1f1*,,1,,1,0,4,,b39f3b3b2f2f2b2b3b3f1f1*,False,False,True,False,False,False,b39f3b3b2f2f2b2b3b3f1f1,b39f3b3b2f2f2b2b3b3f1f1,bfbbffbbbff,11,2,0,GM,2,5,5,0,1,1,,,12
206,20180215,Rotterdam,Roger_Federer,Philipp_Kohlschreiber,4,0,0,0,0,40-0,1,1,1,0,,1,2,RF,6 f2 f3 b3 b2 b1 f3 b2 b2n@,,,6f2f3b3b2b1f3b2b2n@,,0,,6f2f3b3b2b1f3b2b2n@,,1,,1,0,6,,f2f3b3b2b1f3b2b2n@,False,False,False,False,True,False,f2f3b3b2b1f3b2b2n,f2f3b3b2b1f3b2b2,ffbbbfbb,8,2,0,40-15,0,0,0,0,0,0,,,8
209,20180215,Rotterdam,Roger_Federer,Philipp_Kohlschreiber,7,0,0,1,0,0-15,1,2,1,0,,2,1,PK,4 b3 b2 f1 f#,,,4b3b2f1f#,,0,,4b3b2f1f#,,1,,1,0,4,,b3b2f1f#,False,False,False,True,False,False,b3b2f1f,b3b2f1f,bbff,4,1,0,0-30,0,1,0,0,0,0,,,4
213,20180215,Rotterdam,Roger_Federer,Philipp_Kohlschreiber,11,0,0,1,0,40-30,1,2,1,0,,2,1,PK,6 f3 f3 b3 s3 f+1 f1n#,,,6f3f3b3s3f+1f1n#,,0,,6f3f3b3s3f+1f1n#,,1,,1,0,6,,f3f3b3s3f+1f1n#,False,False,False,True,False,False,f3f3b3s3f1f1n,f3f3b3s3f1f1,ffbsff,6,1,0,40-40,0,1,0,0,0,0,,,6
230,20180215,Rotterdam,Roger_Federer,Philipp_Kohlschreiber,28,0,0,2,2,40-15,1,5,1,0,,1,2,RF,5 f2 f3w#,,,5f2f3w#,,0,,5f2f3w#,,1,,1,0,5,,f2f3w#,False,False,False,True,False,False,f2f3w,f2f3,ff,2,2,0,40-30,0,2,2,0,0,0,,,2
233,20180215,Rotterdam,Roger_Federer,Philipp_Kohlschreiber,31,0,0,3,2,15-0,1,6,1,0,,2,1,PK,5 s3 f3 b3 b3 b2 f!@,,,5s3f3b3b3b2f!@,,0,,5s3f3b3b3b2f!@,,1,,1,0,5,,s3f3b3b3b2f!@,False,False,False,False,True,False,s3f3b3b3b2f!,s3f3b3b3b2f,sfbbbf,6,1,0,15-15,0,3,2,0,0,0,,,6
243,20180215,Rotterdam,Roger_Federer,Philipp_Kohlschreiber,41,0,0,4,3,15-0,1,8,1,0,,2,1,PK,5 b2 f1 f1 f3 b3 b1 f3 s2 f3*,,,5b2f1f1f3b3b1f3s2f3*,,0,,5b2f1f1f3b3b1f3s2f3*,,1,,1,0,5,,b2f1f1f3b3b1f3s2f3*,False,False,True,False,False,False,b2f1f1f3b3b1f3s2f3,b2f1f1f3b3b1f3s2f3,bfffbbfsf,9,1,0,15-15,0,4,3,0,0,0,,,10
282,20180215,Rotterdam,Roger_Federer,Philipp_Kohlschreiber,98,1,0,1,1,15-0,1,16,1,0,,2,1,PK,5 b3 b3 b3 b3 f3*,,,5b3b3b3b3f3*,,0,,5b3b3b3b3f3*,,1,,1,0,5,,b3b3b3b3f3*,False,False,True,False,False,False,b3b3b3b3f3,b3b3b3b3f3,bbbbf,5,1,0,15-15,0,1,1,0,1,0,,,6
284,20180215,Rotterdam,Roger_Federer,Philipp_Kohlschreiber,100,1,0,1,1,15-30,1,16,1,0,,2,1,PK,6 f1 f3 b2 z3 b1*,,,6f1f3b2z3b1*,,0,,6f1f3b2z3b1*,,1,,1,0,6,,f1f3b2z3b1*,False,False,True,False,False,False,f1f3b2z3b1,f1f3b2z3b1,ffbzb,5,1,0,15-40,0,1,1,0,1,0,,,6
290,20180215,Rotterdam,Roger_Federer,Philipp_Kohlschreiber,106,1,0,1,1,AD-40,1,16,1,0,,2,1,PK,6 f2 f1 f3 b3n@,,,6f2f1f3b3n@,,0,,6f2f1f3b3n@,,1,,1,0,6,,f2f1f3b3n@,False,False,False,False,True,False,f2f1f3b3n,f2f1f3b3,fffb,4,1,0,40-40,0,1,1,0,1,0,,,4
300,20180215,Rotterdam,Roger_Federer,Philipp_Kohlschreiber,116,1,0,2,2,40-0,1,18,1,0,,2,1,PK,6 f1 r2 f3 s#,,,6f1r2f3s#,,0,,6f1r2f3s#,,1,,1,0,6,,f1r2f3s#,False,False,False,True,False,False,f1r2f3s,f1r2f3s,frfs,4,1,0,40-15,0,2,2,0,1,0,,,4
303,20180215,Rotterdam,Roger_Federer,Philipp_Kohlschreiber,119,1,0,2,3,15-0,1,19,1,0,,1,2,RF,4 b2 f1d#,,,4b2f1d#,,0,,4b2f1d#,,1,,1,0,4,,b2f1d#,False,False,False,True,False,False,b2f1d,b2f1,bf,2,2,0,15-15,0,2,3,0,1,0,,,2
306,20180215,Rotterdam,Roger_Federer,Philipp_Kohlschreiber,122,1,0,2,3,40-15,1,19,1,0,,1,2,RF,4 f2 i1u-1*,,,4f2i1u-1*,,0,,4f2i1u-1*,,1,,1,0,4,,f2i1u-1*,False,False,True,False,False,False,f2i1u1,f2i1u1,fiu,3,2,0,40-30,0,2,3,0,1,0,,,4
315,20180215,Rotterdam,Roger_Federer,Philipp_Kohlschreiber,131,1,0,3,4,30-15,1,21,1,0,,1,2,RF,5 b1 f1 f3*,,,5b1f1f3*,,0,,5b1f1f3*,,1,,1,0,5,,b1f1f3*,False,False,True,False,False,False,b1f1f3,b1f1f3,bff,3,2,0,30-30,0,3,4,0,1,0,,,4
328,20180215,Rotterdam,Roger_Federer,Philipp_Kohlschreiber,144,1,0,5,5,0-15,1,24,1,0,,2,1,PK,6 f2 f2 f2 f3 f1 f2 f2 b2 f1 f1n@,,,6f2f2f2f3f1f2f2b2f1f1n@,,0,,6f2f2f2f3f1f2f2b2f1f1n@,,1,,1,0,6,,f2f2f2f3f1f2f2b2f1f1n@,False,False,False,False,True,False,f2f2f2f3f1f2f2b2f1f1n,f2f2f2f3f1f2f2b2f1f1,fffffffbff,10,1,0,0-30,0,5,5,0,1,0,,,10
332,20180215,Rotterdam,Roger_Federer,Philipp_Kohlschreiber,148,1,0,5,5,40-30,1,24,1,0,,2,1,PK,c6 f3 b3w@,,,6f3b3w@,,0,,6f3b3w@,,1,,1,0,6,,f3b3w@,False,False,False,False,True,False,f3b3w,f3b3,fb,2,1,0,40-40,0,5,5,0,1,0,,,2
378,20180122,Australian_Open,Roger_Federer,Marton_Fucsovics,35,0,0,3,2,AD-40,1,6,1,0,,2,1,MF,4 s29 f1n@,,,4s29f1n@,,0,,4s29f1n@,,1,,1,0,4,,s29f1n@,False,False,False,False,True,False,s29f1n,s29f1,sf,2,1,0,40-40,0,3,2,0,0,0,,,2
380,20180122,Australian_Open,Roger_Federer,Marton_Fucsovics,37,0,0,3,2,AD-40,1,6,1,0,,2,1,MF,4 b18 f3 f1*,,,4b18f3f1*,,0,,4b18f3f1*,,1,,1,0,4,,b18f3f1*,False,False,True,False,False,False,b18f3f1,b18f3f1,bff,3,1,0,40-40,0,3,2,0,0,0,,,4
410,20180122,Australian_Open,Roger_Federer,Marton_Fucsovics,67,1,0,1,0,15-0,1,12,1,0,,2,1,MF,4 s37 s3 f1*,,Time and time again the mean low slice disarms Federer's opponents.,4s37s3f1*,,0,,4s37s3f1*,,1,,1,0,4,,s37s3f1*,False,False,True,False,False,False,s37s3f1,s37s3f1,ssf,3,1,0,15-15,0,1,0,0,1,0,,,4
421,20180122,Australian_Open,Roger_Federer,Marton_Fucsovics,78,1,0,2,1,30-15,1,14,1,0,,2,1,MF,4 b38 f3 s3 s+3n@,,,4b38f3s3s+3n@,,0,,4b38f3s3s+3n@,,1,,1,0,4,,b38f3s3s+3n@,False,False,False,False,True,False,b38f3s3s3n,b38f3s3s3,bfss,4,1,0,30-30,0,2,1,0,1,0,,,4
454,20180122,Australian_Open,Roger_Federer,Marton_Fucsovics,111,1,0,5,4,0-15,1,20,1,0,,2,1,MF,4 s28 f3 b2 f1 f2 o-3 m2 o1 l2 o3 b2 v1n@,,"The ""sky-high"" rally. Federer's forehand shank lands in like a very high lob which Fucsovics should have put away but his smashes are too predictable enabling Fed to keep the ball in play until the frustrated Hungarian bricks the volley.",4s28f3b2f1f2o-3m2o1l2o3b2v1n@,,0,,4s28f3b2f1f2o-3m2o1l2o3b2v1n@,,1,,1,0,4,,s28f3b2f1f2o-3m2o1l2o3b2v1n@,False,False,False,False,True,False,s28f3b2f1f2o3m2o1l2o3b2v1n,s28f3b2f1f2o3m2o1l2o3b2v1,sfbffomolobv,12,1,0,0-30,0,5,4,0,1,0,,,12
481,20180122,Australian_Open,Roger_Federer,Marton_Fucsovics,148,2,0,0,0,AD-40,1,24,1,0,,2,1,MF,6 f29 h=3w#,,,6f29h=3w#,,0,,6f29h=3w#,,1,,1,0,6,,f29h=3w#,False,False,False,True,False,False,f29h3w,f29h3,fh,2,1,0,40-40,0,0,0,0,2,0,,,2
487,20180122,Australian_Open,Roger_Federer,Marton_Fucsovics,154,2,0,1,0,40-0,1,25,1,0,,1,2,RF,4 b37 b1d@,,   ,4b37b1d@,,0,,4b37b1d@,,1,,1,0,4,,b37b1d@,False,False,False,False,True,False,b37b1d,b37b1,bb,2,2,0,40-15,0,1,0,0,2,0,,,2
490,20180122,Australian_Open,Roger_Federer,Marton_Fucsovics,157,2,0,2,0,15-0,1,26,1,0,,2,1,MF,4 s37 f+1d@,,,4s37f+1d@,,0,,4s37f+1d@,,1,,1,0,4,,s37f+1d@,False,False,False,False,True,False,s37f1d,s37f1,sf,2,1,0,15-15,0,2,0,0,2,0,,,2
495,20180122,Australian_Open,Roger_Federer,Marton_Fucsovics,162,2,0,2,1,15-0,1,27,1,0,,1,2,RF,4 b37y1 f+1 f!@,,,4b37y1f+1f!@,,0,,4b37y1f+1f!@,,1,,1,0,4,,b37y1f+1f!@,False,False,False,False,True,False,b37y1f1f!,b37y1f1f,byff,4,2,0,15-15,0,2,1,0,2,0,,,4
499,20180122,Australian_Open,Roger_Federer,Marton_Fucsovics,166,2,0,2,1,40-30,1,27,1,0,,1,2,RF,4 s38 f3d@,,,4s38f3d@,,0,,4s38f3d@,,1,,1,0,4,,s38f3d@,False,False,False,False,True,False,s38f3d,s38f3,sf,2,2,0,40-40,0,2,1,0,2,0,,,2
505,20180122,Australian_Open,Roger_Federer,Marton_Fucsovics,172,2,0,3,1,15-30,1,28,1,0,,2,1,MF,4 b38 b3n@,,,4b38b3n@,,0,,4b38b3n@,,1,,1,0,4,,b38b3n@,False,False,False,False,True,False,b38b3n,b38b3,bb,2,1,0,15-40,0,3,1,0,2,0,,,2
506,20180122,Australian_Open,Roger_Federer,Marton_Fucsovics,173,2,0,3,1,15-40,1,28,1,0,,2,1,MF,6 s37 s+3d@,,,6s37s+3d@,,0,,6s37s+3d@,,1,,1,0,6,,s37s+3d@,False,False,False,False,True,False,s37s3d,s37s3,ss,2,1,0,GM,1,4,1,0,2,0,,,2
510,20180122,Australian_Open,Roger_Federer,Marton_Fucsovics,177,2,0,4,1,40-0,1,29,1,0,,1,2,RF,4 b37 s3#,,,4b37s3#,,0,,4b37s3#,,1,,1,0,4,,b37s3#,False,False,False,True,False,False,b37s3,b37s3,bs,2,2,0,40-15,0,4,1,0,2,0,,,2
518,20180122,Australian_Open,Roger_Federer,Marton_Fucsovics,185,2,0,5,2,15-0,1,31,1,0,,1,2,RF,6 f28 f3 b3 b+3 s3 i3d#,,,6f28f3b3b+3s3i3d#,,0,,6f28f3b3b+3s3i3d#,,1,,1,0,6,,f28f3b3b+3s3i3d#,False,False,False,True,False,False,f28f3b3b3s3i3d,f28f3b3b3s3i3,ffbbsi,6,2,0,15-15,0,5,2,0,2,0,,,6
540,20180120,Australian_Open,Roger_Federer,Richard_Gasquet,18,0,0,2,1,30-15,1,4,1,0,,2,1,RG,4 s28 f2 b1 r2n#,,,4s28f2b1r2n#,,0,,4s28f2b1r2n#,,1,,1,0,4,,s28f2b1r2n#,False,False,False,True,False,False,s28f2b1r2n,s28f2b1r2,sfbr,4,1,0,30-30,0,2,1,0,0,0,,,4
544,20180120,Australian_Open,Roger_Federer,Richard_Gasquet,22,0,0,2,1,AD-40,1,4,1,0,,2,1,RG,6 f28 f;3 f2 f1 f1 f3d@,,"An nicely subdued ""Come on!"" from Federer.",6f28f;3f2f1f1f3d@,,0,,6f28f;3f2f1f1f3d@,,1,,1,0,6,,f28f;3f2f1f1f3d@,False,False,False,False,True,False,f28f3f2f1f1f3d,f28f3f2f1f1f3,ffffff,6,1,0,40-40,0,2,1,0,0,0,,,6
554,20180120,Australian_Open,Roger_Federer,Richard_Gasquet,32,0,0,4,1,15-0,1,6,1,0,,2,1,RG,5 b28 f3d@,,,5b28f3d@,,0,,5b28f3d@,,1,,1,0,5,,b28f3d@,False,False,False,False,True,False,b28f3d,b28f3,bf,2,1,0,15-15,0,4,1,0,0,0,,,2
573,20180120,Australian_Open,Roger_Federer,Richard_Gasquet,51,1,0,0,0,40-15,1,9,1,0,,1,2,RF,4 f18*,,,4f18*,,0,,4f18*,,1,,1,0,4,,f18*,False,False,True,False,False,False,f18,f18,f,1,2,0,40-30,0,0,0,0,1,0,,,2
583,20180120,Australian_Open,Roger_Federer,Richard_Gasquet,61,1,0,1,1,30-15,1,11,1,0,,1,2,RF,6 f28 f+1 f2 v2n#,,,6f28f+1f2v2n#,,0,,6f28f+1f2v2n#,,1,,1,0,6,,f28f+1f2v2n#,False,False,False,True,False,False,f28f1f2v2n,f28f1f2v2,fffv,4,2,0,30-30,0,1,1,0,1,0,,,4
595,20180120,Australian_Open,Roger_Federer,Richard_Gasquet,73,1,0,2,2,40-15,1,13,1,0,,1,2,RF,4 f;18 f1 b2 f1 f2 f1w@,,,4f;18f1b2f1f2f1w@,,0,,4f;18f1b2f1f2f1w@,,1,,1,0,4,,f;18f1b2f1f2f1w@,False,False,False,False,True,False,f18f1b2f1f2f1w,f18f1b2f1f2f1,ffbfff,6,2,0,40-30,0,2,2,0,1,0,,,6
606,20180120,Australian_Open,Roger_Federer,Richard_Gasquet,84,1,0,3,3,30-15,1,15,1,0,,1,2,RF,6 f29 f1 f3 b2 b1*,,,6f29f1f3b2b1*,,0,,6f29f1f3b2b1*,,1,,1,0,6,,f29f1f3b2b1*,False,False,True,False,False,False,f29f1f3b2b1,f29f1f3b2b1,fffbb,5,2,0,30-30,0,3,3,0,1,0,,,6
612,20180120,Australian_Open,Roger_Federer,Richard_Gasquet,90,1,0,4,3,40-0,1,16,1,0,,2,1,RG,4 s39 b1 f;1*,,What a terrific forehand winner fast and low just licking the net.,4s39b1f;1*,,0,,4s39b1f;1*,,1,,1,0,4,,s39b1f;1*,False,False,True,False,False,False,s39b1f1,s39b1f1,sbf,3,1,0,40-15,0,4,3,0,1,0,,,4
623,20180120,Australian_Open,Roger_Federer,Richard_Gasquet,101,1,0,5,4,40-0,1,18,1,0,,2,1,RG,5 b28 b+3n@,,,5b28b+3n@,,0,,5b28b+3n@,,1,,1,0,5,,b28b+3n@,False,False,False,False,True,False,b28b3n,b28b3,bb,2,1,0,40-15,0,5,4,0,1,0,,,2
636,20180120,Australian_Open,Roger_Federer,Richard_Gasquet,114,1,0,6,5,30-40,1,20,1,0,,2,1,RG,4 s37 b3d@,,Goes for the corner misses by an inch. That's the difference.,4s37b3d@,,0,,4s37b3d@,,1,,1,0,4,,s37b3d@,False,False,False,False,True,False,s37b3d,s37b3,sb,2,1,0,GM,1,7,5,1,2,0,,,2
643,20180120,Australian_Open,Roger_Federer,Richard_Gasquet,121,2,0,1,0,15-0,1,22,1,0,,2,1,RG,6 f17*,,Angry at missing the previous return Federer immediately makes up for it with an angled winner.,6f17*,,0,,6f17*,,1,,1,0,6,,f17*,False,False,True,False,False,False,f17,f17,f,1,1,0,15-15,0,1,0,0,2,0,,,2
646,20180120,Australian_Open,Roger_Federer,Richard_Gasquet,124,2,0,1,0,15-40,1,22,1,0,,2,1,RG,6 b29 b2 f1 r2u+3 s3n#,,Fed's been using the drop shot to great effect most of the time.,6b29b2f1r2u+3s3n#,,0,,6b29b2f1r2u+3s3n#,,1,,1,0,6,,b29b2f1r2u+3s3n#,False,False,False,True,False,False,b29b2f1r2u3s3n,b29b2f1r2u3s3,bbfrus,6,1,0,GM,1,2,0,0,2,0,,,6
650,20180120,Australian_Open,Roger_Federer,Richard_Gasquet,128,2,0,2,0,30-15,1,23,1,0,,1,2,RF,4 s38 r+1w@,,Federer tries and fails his trademark fake dropper slice. A bit of showmanship here.,4s38r+1w@,,0,,4s38r+1w@,,1,,1,0,4,,s38r+1w@,False,False,False,False,True,False,s38r1w,s38r1,sr,2,2,0,30-30,0,2,0,0,2,0,,,2
682,20180120,Australian_Open,Roger_Federer,Richard_Gasquet,160,2,0,4,2,AD-40,1,27,1,0,,1,2,RF,4 s38 f3 b3 s1 f3 b3 b3 z+2n@,,That was overly ambitious.,4s38f3b3s1f3b3b3z+2n@,,0,,4s38f3b3s1f3b3b3z+2n@,,1,,1,0,4,,s38f3b3s1f3b3b3z+2n@,False,False,False,False,True,False,s38f3b3s1f3b3b3z2n,s38f3b3s1f3b3b3z2,sfbsfbbz,8,2,0,40-40,0,4,2,0,2,0,,,8
684,20180120,Australian_Open,Roger_Federer,Richard_Gasquet,162,2,0,4,2,40-AD,1,27,1,0,,1,2,RF,6 f29 f2 f3 b3 b3 b3 b3 b3n@,,,6f29f2f3b3b3b3b3b3n@,,0,,6f29f2f3b3b3b3b3b3n@,,1,,1,0,6,,f29f2f3b3b3b3b3b3n@,False,False,False,False,True,False,f29f2f3b3b3b3b3b3n,f29f2f3b3b3b3b3b3,fffbbbbb,8,2,0,GM,2,4,3,0,2,0,,,8
696,20180120,Australian_Open,Roger_Federer,Richard_Gasquet,174,2,0,5,4,0-15,1,30,1,0,,2,1,RG,4 s38 b3 s3 b3 s3 b3 b3 s3 f+1 f1 v3*,,Federer brushes some dust off the baseline by swinging his racquet.,4s38b3s3b3s3b3b3s3f+1f1v3*,,0,,4s38b3s3b3s3b3b3s3f+1f1v3*,,1,,1,0,4,,s38b3s3b3s3b3b3s3f+1f1v3*,False,False,True,False,False,False,s38b3s3b3s3b3b3s3f1f1v3,s38b3s3b3s3b3b3s3f1f1v3,sbsbsbbsffv,11,1,0,0-30,0,5,4,0,2,0,,,12
700,20180120,Australian_Open,Roger_Federer,Richard_Gasquet,178,2,0,5,4,40-30,1,30,1,0,,2,1,RG,4 b39 b3 f1 f1x#,,,4b39b3f1f1x#,,0,,4b39b3f1f1x#,,1,,1,0,4,,b39b3f1f1x#,False,False,False,True,False,False,b39b3f1f1x,b39b3f1f1,bbff,4,1,0,40-40,0,5,4,0,2,0,,,4
706,20180120,Australian_Open,Roger_Federer,Richard_Gasquet,184,2,0,5,4,40-AD,1,30,1,0,,2,1,RG,4 s28 f+3 b;3 z3 b1*,,,4s28f+3b;3z3b1*,,0,,4s28f+3b;3z3b1*,,1,,1,0,4,,s28f+3b;3z3b1*,False,False,True,False,False,False,s28f3b3z3b1,s28f3b3z3b1,sfbzb,5,1,0,GM,1,6,4,1,3,0,,,6
736,20180116,Australian_Open,Roger_Federer,Aljaz_Bedene,30,0,0,4,1,15-0,1,6,1,0,,2,1,AB,4 b37 b3 s2 f+3 s2 z3n@,,,4b37b3s2f+3s2z3n@,,0,,4b37b3s2f+3s2z3n@,,1,,1,0,4,,b37b3s2f+3s2z3n@,False,False,False,False,True,False,b37b3s2f3s2z3n,b37b3s2f3s2z3,bbsfsz,6,1,0,15-15,0,4,1,0,0,0,,,6
741,20180116,Australian_Open,Roger_Federer,Aljaz_Bedene,35,0,0,4,2,15-0,1,7,1,0,,1,2,RF,6 f29 f2 f1 f3d@,,,6f29f2f1f3d@,,0,,6f29f2f1f3d@,,1,,1,0,6,,f29f2f1f3d@,False,False,False,False,True,False,f29f2f1f3d,f29f2f1f3,ffff,4,2,0,15-15,0,4,2,0,0,0,,,4
752,20180116,Australian_Open,Roger_Federer,Aljaz_Bedene,46,0,0,5,3,40-0,1,9,1,0,,1,2,RF,6 r28 j+3x@,,,6r28j+3x@,,0,,6r28j+3x@,,1,,1,0,6,,r28j+3x@,False,False,False,False,True,False,r28j3x,r28j3,rj,2,2,0,40-15,0,5,3,0,0,0,,,2
753,20180116,Australian_Open,Roger_Federer,Aljaz_Bedene,47,0,0,5,3,40-15,1,9,1,0,,1,2,RF,6 s18 j1 f1 f1n#,,,6s18j1f1f1n#,,0,,6s18j1f1f1n#,,1,,1,0,6,,s18j1f1f1n#,False,False,False,True,False,False,s18j1f1f1n,s18j1f1f1,sjff,4,2,0,40-30,0,5,3,0,0,0,,,4
774,20180116,Australian_Open,Roger_Federer,Aljaz_Bedene,68,1,0,2,1,15-30,1,13,1,0,,1,2,RF,5 f18*,,The audience duly applauds Bedene's effort.,5f18*,,0,,5f18*,,1,,1,0,5,,f18*,False,False,True,False,False,False,f18,f18,f,1,2,0,15-40,0,2,1,0,1,0,,,2
791,20180116,Australian_Open,Roger_Federer,Aljaz_Bedene,85,1,0,3,2,40-15,1,15,1,0,,1,2,RF,6 b27 f+3 b1*,,A subpar approach shot that Bedene punishes.,6b27f+3b1*,,0,,6b27f+3b1*,,1,,1,0,6,,b27f+3b1*,False,False,True,False,False,False,b27f3b1,b27f3b1,bfb,3,2,0,40-30,0,3,2,0,1,0,,,4
799,20180116,Australian_Open,Roger_Federer,Aljaz_Bedene,93,1,0,4,3,15-0,1,17,1,0,,1,2,RF,4 b39 b3 b3 b3 f3 b3 b3 b2 f3 s3 s+3 b1 v1 f3 z3*,,Best point of the match.,4b39b3b3b3f3b3b3b2f3s3s+3b1v1f3z3*,,0,,4b39b3b3b3f3b3b3b2f3s3s+3b1v1f3z3*,,1,,1,0,4,,b39b3b3b3f3b3b3b2f3s3s+3b1v1f3z3*,False,False,True,False,False,False,b39b3b3b3f3b3b3b2f3s3s3b1v1f3z3,b39b3b3b3f3b3b3b2f3s3s3b1v1f3z3,bbbbfbbbfssbvfz,15,2,0,15-15,0,4,3,0,1,0,,,16
807,20180116,Australian_Open,Roger_Federer,Aljaz_Bedene,101,1,0,5,3,15-30,1,18,1,0,,2,1,AB,4 s29 f1 f1 r3n#,,,4s29f1f1r3n#,,0,,4s29f1f1r3n#,,1,,1,0,4,,s29f1f1r3n#,False,False,False,True,False,False,s29f1f1r3n,s29f1f1r3,sffr,4,1,0,15-40,0,5,3,0,1,0,,,4
830,20180116,Australian_Open,Roger_Federer,Aljaz_Bedene,124,2,0,0,1,40-30,1,21,1,0,,1,2,RF,4 b38 f1 f1 f3d#,,,4b38f1f1f3d#,,0,,4b38f1f1f3d#,,1,,1,0,4,,b38f1f1f3d#,False,False,False,True,False,False,b38f1f1f3d,b38f1f1f3,bfff,4,2,0,40-40,0,0,1,0,2,0,,,4
842,20180116,Australian_Open,Roger_Federer,Aljaz_Bedene,136,2,0,2,1,40-0,1,23,1,0,,1,2,RF,4+ b37*,,,4+b37*,,1,,4b37*,,1,,1,0,4,,b37*,False,False,True,False,False,False,b37,b37,b,1,2,0,40-15,0,2,1,0,2,0,,,2
845,20180116,Australian_Open,Roger_Federer,Aljaz_Bedene,139,2,0,3,1,15-0,1,24,1,0,,2,1,AB,6 f18 f1 f;3 b3 b3 b3 s3 f3 s3 s3 b1*,,Quality winner after being pulled wide by a sharp slice. Nice crowd roar to celebrate.,6f18f1f;3b3b3b3s3f3s3s3b1*,,0,,6f18f1f;3b3b3b3s3f3s3s3b1*,,1,,1,0,6,,f18f1f;3b3b3b3s3f3s3s3b1*,False,False,True,False,False,False,f18f1f3b3b3b3s3f3s3s3b1,f18f1f3b3b3b3s3f3s3s3b1,fffbbbsfssb,11,1,0,15-15,0,3,1,0,2,0,,,12
848,20180116,Australian_Open,Roger_Federer,Aljaz_Bedene,142,2,0,3,1,40-15,1,24,1,0,,2,1,AB,6 b28 f3 s2 f1 f1 f3n#,,,6b28f3s2f1f1f3n#,,0,,6b28f3s2f1f1f3n#,,1,,1,0,6,,b28f3s2f1f1f3n#,False,False,False,True,False,False,b28f3s2f1f1f3n,b28f3s2f1f1f3,bfsfff,6,1,0,40-30,0,3,1,0,2,0,,,6
867,20180116,Australian_Open,Roger_Federer,Aljaz_Bedene,161,2,0,4,3,0-15,1,27,1,0,,1,2,RF,5 f18*,,,5f18*,,0,,5f18*,,1,,1,0,5,,f18*,False,False,True,False,False,False,f18,f18,f,1,2,0,0-30,0,4,3,0,2,0,,,2
873,20180116,Australian_Open,Roger_Federer,Aljaz_Bedene,167,2,0,5,3,0-15,1,28,1,0,,2,1,AB,4+ b28 z3x@,,,4+b28z3x@,,1,,4b28z3x@,,1,,1,0,4,,b28z3x@,False,False,False,False,True,False,b28z3x,b28z3,bz,2,1,0,0-30,0,5,3,0,2,0,,,2
881,20180106,Hopman_Cup,Roger_Federer,Alexander_Zverev,4,0,0,0,0,15-30,1,1,1,0,,1,2,RF,6 f28 f3 b3 f1 f1 f2 b3 s3 b1 f1 f1 f3d@,,,6f28f3b3f1f1f2b3s3b1f1f1f3d@,,0,,6f28f3b3f1f1f2b3s3b1f1f1f3d@,,1,,1,0,6,,f28f3b3f1f1f2b3s3b1f1f1f3d@,False,False,False,False,True,False,f28f3b3f1f1f2b3s3b1f1f1f3d,f28f3b3f1f1f2b3s3b1f1f1f3,ffbfffbsbfff,12,2,0,15-40,0,0,0,0,0,0,,,12
893,20180106,Hopman_Cup,Roger_Federer,Alexander_Zverev,16,0,0,1,0,AD-40,1,2,1,0,,2,1,AZ,6 f17 f3+w@,,,6f17f3+w@,,0,,6f17f3+w@,,1,,1,0,6,,f17f3+w@,False,False,False,False,True,False,f17f3w,f17f3,ff,2,1,0,40-40,0,1,0,0,0,0,,,2
897,20180106,Hopman_Cup,Roger_Federer,Alexander_Zverev,20,0,0,1,0,AD-40,1,2,1,0,,2,1,AZ,6 f39 b3 f2 f2n@,,,6f39b3f2f2n@,,0,,6f39b3f2f2n@,,1,,1,0,6,,f39b3f2f2n@,False,False,False,False,True,False,f39b3f2f2n,f39b3f2f2,fbff,4,1,0,40-40,0,1,0,0,0,0,,,4
920,20180106,Hopman_Cup,Roger_Federer,Alexander_Zverev,43,0,0,2,2,40-15,1,5,1,0,,1,2,RF,6+ b28 z1 f3 z2d#,,,6+b28z1f3z2d#,,1,,6b28z1f3z2d#,,1,,1,0,6,,b28z1f3z2d#,False,False,False,True,False,False,b28z1f3z2d,b28z1f3z2,bzfz,4,2,0,40-30,0,2,2,0,0,0,,,4
949,20180106,Hopman_Cup,Roger_Federer,Alexander_Zverev,72,0,0,5,4,40-15,1,10,1,0,,2,1,AZ,5 f28 f1 f3; b1 l2 j3d@,,,5f28f1f3;b1l2j3d@,,0,,5f28f1f3;b1l2j3d@,,1,,1,0,5,,f28f1f3;b1l2j3d@,False,False,False,False,True,False,f28f1f3b1l2j3d,f28f1f3b1l2j3,fffblj,6,1,0,40-30,0,5,4,0,0,0,,,6
952,20180106,Hopman_Cup,Roger_Federer,Alexander_Zverev,75,0,0,5,5,15-0,1,11,1,0,,1,2,RF,4 b37 f1w@,,,4b37f1w@,,0,,4b37f1w@,,1,,1,0,4,,b37f1w@,False,False,False,False,True,False,b37f1w,b37f1,bf,2,2,0,15-15,0,5,5,0,0,0,,,2
960,20180106,Hopman_Cup,Roger_Federer,Alexander_Zverev,83,0,0,6,5,30-15,1,12,1,0,,2,1,AZ,4+ s29 v3 b1 v#,,,4+s29v3b1v#,,1,,4s29v3b1v#,,1,,1,0,4,,s29v3b1v#,False,False,False,True,False,False,s29v3b1v,s29v3b1v,svbv,4,1,0,30-30,0,6,5,0,0,0,,,4
966,20180106,Hopman_Cup,Roger_Federer,Alexander_Zverev,100,0,1,0,0,15-0,1,14,1,0,,2,1,AZ,4 s37 f-3 b1*,,,4s37f-3b1*,,0,,4s37f-3b1*,,1,,1,0,4,,s37f-3b1*,False,False,True,False,False,False,s37f3b1,s37f3b1,sfb,3,1,0,15-15,0,0,0,0,0,1,,,4
970,20180106,Hopman_Cup,Roger_Federer,Alexander_Zverev,104,0,1,0,0,30-40,1,14,1,0,,2,1,AZ,6 f27 f3+d@,,,6f27f3+d@,,0,,6f27f3+d@,,1,,1,0,6,,f27f3+d@,False,False,False,False,True,False,f27f3d,f27f3,ff,2,1,0,GM,1,1,0,0,0,1,,,2
976,20180106,Hopman_Cup,Roger_Federer,Alexander_Zverev,110,0,1,2,0,15-0,1,16,1,0,,2,1,AZ,4 s39 f3;d@,,,4s39f3;d@,,0,,4s39f3;d@,,1,,1,0,4,,s39f3;d@,False,False,False,False,True,False,s39f3d,s39f3,sf,2,1,0,15-15,0,2,0,0,0,1,,,2
978,20180106,Hopman_Cup,Roger_Federer,Alexander_Zverev,112,0,1,2,0,30-15,1,16,1,0,,2,1,AZ,c4 s39 f2 f1 f3y1*,,,4s39f2f1f3y1*,,0,,4s39f2f1f3y1*,,1,,1,0,4,,s39f2f1f3y1*,False,False,True,False,False,False,s39f2f1f3y1,s39f2f1f3y1,sfffy,5,1,0,30-30,0,2,0,0,0,1,,,6
992,20180106,Hopman_Cup,Roger_Federer,Alexander_Zverev,126,0,1,4,0,15-0,1,18,1,0,,2,1,AZ,6 f38+ s3 z1*,,,6f38+s3z1*,,0,,6f38+s3z1*,,1,,1,0,6,,f38+s3z1*,False,False,True,False,False,False,f38s3z1,f38s3z1,fsz,3,1,0,15-15,0,4,0,0,0,1,,,4
994,20180106,Hopman_Cup,Roger_Federer,Alexander_Zverev,128,0,1,4,0,15-30,1,18,1,0,,2,1,AZ,6 r28 f3n@,,,6r28f3n@,,0,,6r28f3n@,,1,,1,0,6,,r28f3n@,False,False,False,False,True,False,r28f3n,r28f3,rf,2,1,0,15-40,0,4,0,0,0,1,,,2
995,20180106,Hopman_Cup,Roger_Federer,Alexander_Zverev,129,0,1,4,0,15-40,1,18,1,0,,2,1,AZ,6 s39 b3 b1 r2d#,,,6s39b3b1r2d#,,0,,6s39b3b1r2d#,,1,,1,0,6,,s39b3b1r2d#,False,False,False,True,False,False,s39b3b1r2d,s39b3b1r2,sbbr,4,1,0,GM,1,5,0,0,0,1,,,4
1001,20180106,Hopman_Cup,Roger_Federer,Alexander_Zverev,135,1,1,0,0,15-0,1,20,1,0,,2,1,AZ,4 s28 b3n@,,,4s28b3n@,,0,,4s28b3n@,,1,,1,0,4,,s28b3n@,False,False,False,False,True,False,s28b3n,s28b3,sb,2,1,0,15-15,0,0,0,0,1,1,,,2
1018,20180106,Hopman_Cup,Roger_Federer,Alexander_Zverev,152,1,1,1,1,40-AD,1,22,1,0,,2,1,AZ,6 r17 f3+ b3 b-3w#,,,6r17f3+b3b-3w#,,0,,6r17f3+b3b-3w#,,1,,1,0,6,,r17f3+b3b-3w#,False,False,False,True,False,False,r17f3b3b3w,r17f3b3b3,rfbb,4,1,0,GM,1,2,1,0,1,1,,,4
1027,20180106,Hopman_Cup,Roger_Federer,Alexander_Zverev,161,1,1,3,1,30-15,1,24,1,0,,2,1,AZ,6 f39 b3y1*,,,6f39b3y1*,,0,,6f39b3y1*,,1,,1,0,6,,f39b3y1*,False,False,True,False,False,False,f39b3y1,f39b3y1,fby,3,1,0,30-30,0,3,1,0,1,1,,,4
1033,20180106,Hopman_Cup,Roger_Federer,Alexander_Zverev,167,1,1,3,1,40-AD,1,24,1,0,,2,1,AZ,6 f28 b2d@,,,6f28b2d@,,0,,6f28b2d@,,1,,1,0,6,,f28b2d@,False,False,False,False,True,False,f28b2d,f28b2,fb,2,1,0,GM,1,4,1,0,1,1,,,2
1041,20180106,Hopman_Cup,Roger_Federer,Alexander_Zverev,175,1,1,5,1,30-15,1,26,1,0,,2,1,AZ,6 f27 b3 s2 b1 f3 s2 f3+*,,,6f27b3s2b1f3s2f3+*,,0,,6f27b3s2b1f3s2f3+*,,1,,1,0,6,,f27b3s2b1f3s2f3+*,False,False,True,False,False,False,f27b3s2b1f3s2f3,f27b3s2b1f3s2f3,fbsbfsf,7,1,0,30-30,0,5,1,0,1,1,,,8
1058,20170401,Miami_Masters,Roger_Federer,Nick_Kyrgios,7,0,0,1,0,0-15,1,2,1,0,,2,1,NK,6 f28 f3 s3 f1 f2 f3 b1*,,,6f28f3s3f1f2f3b1*,,0,,6f28f3s3f1f2f3b1*,,1,,1,0,6,,f28f3s3f1f2f3b1*,False,False,True,False,False,False,f28f3s3f1f2f3b1,f28f3s3f1f2f3b1,ffsfffb,7,1,0,0-30,0,1,0,0,0,0,,,8
1068,20170401,Miami_Masters,Roger_Federer,Nick_Kyrgios,17,0,0,1,1,15-0,1,3,1,0,,1,2,RF,6 f27 f+1d@,,,6f27f+1d@,,0,,6f27f+1d@,,1,,1,0,6,,f27f+1d@,False,False,False,False,True,False,f27f1d,f27f1,ff,2,2,0,15-15,0,1,1,0,0,0,,,2
1077,20170401,Miami_Masters,Roger_Federer,Nick_Kyrgios,26,0,0,2,1,40-30,1,4,1,0,,2,1,NK,5 f28 b3 b3 b2d@,,,5f28b3b3b2d@,,0,,5f28b3b3b2d@,,1,,1,0,5,,f28b3b3b2d@,False,False,False,False,True,False,f28b3b3b2d,f28b3b3b2,fbbb,4,1,0,40-40,0,2,1,0,0,0,,,4
1085,20170401,Miami_Masters,Roger_Federer,Nick_Kyrgios,34,0,0,2,1,AD-40,1,4,1,0,,2,1,NK,4 s37 s1 f1 f2d@,,,4s37s1f1f2d@,,0,,4s37s1f1f2d@,,1,,1,0,4,,s37s1f1f2d@,False,False,False,False,True,False,s37s1f1f2d,s37s1f1f2,ssff,4,1,0,40-40,0,2,1,0,0,0,,,4
1093,20170401,Miami_Masters,Roger_Federer,Nick_Kyrgios,42,0,0,3,2,15-0,1,6,1,0,,2,1,NK,5 f28 f2d@,,,5f28f2d@,,0,,5f28f2d@,,1,,1,0,5,,f28f2d@,False,False,False,False,True,False,f28f2d,f28f2,ff,2,1,0,15-15,0,3,2,0,0,0,,,2
1098,20170401,Miami_Masters,Roger_Federer,Nick_Kyrgios,47,0,0,3,3,0-15,1,7,1,0,,1,2,RF,6 f38 b2 f2 f3 b3 f1 f2 f2 b2 f3 b3 b2d@,,,6f38b2f2f3b3f1f2f2b2f3b3b2d@,,0,,6f38b2f2f3b3f1f2f2b2f3b3b2d@,,1,,1,0,6,,f38b2f2f3b3f1f2f2b2f3b3b2d@,False,False,False,False,True,False,f38b2f2f3b3f1f2f2b2f3b3b2d,f38b2f2f3b3f1f2f2b2f3b3b2,fbffbfffbfbb,12,2,0,0-30,0,3,3,0,0,0,,,12
1100,20170401,Miami_Masters,Roger_Federer,Nick_Kyrgios,49,0,0,3,3,15-30,1,7,1,0,,1,2,RF,5 f38 f3 b1*,,,5f38f3b1*,,0,,5f38f3b1*,,1,,1,0,5,,f38f3b1*,False,False,True,False,False,False,f38f3b1,f38f3b1,ffb,3,2,0,15-40,0,3,3,0,0,0,,,4
1104,20170401,Miami_Masters,Roger_Federer,Nick_Kyrgios,53,0,0,3,4,15-0,1,8,1,0,,2,1,NK,6 f;38 b1 f1 f3 b2 f2 f2 f3 s3 f1d@,,,6f;38b1f1f3b2f2f2f3s3f1d@,,0,,6f;38b1f1f3b2f2f2f3s3f1d@,,1,,1,0,6,,f;38b1f1f3b2f2f2f3s3f1d@,False,False,False,False,True,False,f38b1f1f3b2f2f2f3s3f1d,f38b1f1f3b2f2f2f3s3f1,fbffbfffsf,10,1,0,15-15,0,3,4,0,0,0,,,10
1121,20170401,Miami_Masters,Roger_Federer,Nick_Kyrgios,70,0,0,4,5,0-15,1,10,1,0,,2,1,NK,4 s38 b3 f3 b3 s2 f1 f2 f3 b1 r1 f+3 b3n#,,,4s38b3f3b3s2f1f2f3b1r1f+3b3n#,,0,,4s38b3f3b3s2f1f2f3b1r1f+3b3n#,,1,,1,0,4,,s38b3f3b3s2f1f2f3b1r1f+3b3n#,False,False,False,True,False,False,s38b3f3b3s2f1f2f3b1r1f3b3n,s38b3f3b3s2f1f2f3b1r1f3b3,sbfbsfffbrfb,12,1,0,0-30,0,4,5,0,0,0,,,12
1123,20170401,Miami_Masters,Roger_Federer,Nick_Kyrgios,72,0,0,4,5,15-30,1,10,1,0,,2,1,NK,6 f28 f+3 s2 z1w@,,,6f28f+3s2z1w@,,0,,6f28f+3s2z1w@,,1,,1,0,6,,f28f+3s2z1w@,False,False,False,False,True,False,f28f3s2z1w,f28f3s2z1,ffsz,4,1,0,15-40,0,4,5,0,0,0,,,4
1143,20170401,Miami_Masters,Roger_Federer,Nick_Kyrgios,112,1,0,0,1,15-0,1,15,1,0,,1,2,RF,4+ b37 i2 t1*,,,4+b37i2t1*,,1,,4b37i2t1*,,1,,1,0,4,,b37i2t1*,False,False,True,False,False,False,b37i2t1,b37i2t1,bit,3,2,0,15-15,0,0,1,0,1,0,,,4
1151,20170401,Miami_Masters,Roger_Federer,Nick_Kyrgios,120,1,0,1,1,15-0,1,16,1,0,,2,1,NK,6 f+38 b1d@,,,6f+38b1d@,,0,,6f+38b1d@,,1,,1,0,6,,f+38b1d@,False,False,False,False,True,False,f38b1d,f38b1,fb,2,1,0,15-15,0,1,1,0,1,0,,,2
1180,20170401,Miami_Masters,Roger_Federer,Nick_Kyrgios,149,1,0,4,4,15-0,1,22,1,0,,2,1,NK,6 f27u+1 r1*,,,6f27u+1r1*,,0,,6f27u+1r1*,,1,,1,0,6,,f27u+1r1*,False,False,True,False,False,False,f27u1r1,f27u1r1,fur,3,1,0,15-15,0,4,4,0,1,0,,,4
1193,20170401,Miami_Masters,Roger_Federer,Nick_Kyrgios,162,1,0,5,5,40-30,1,24,1,0,,2,1,NK,6 f29 f2 b+1*,,,6f29f2b+1*,,0,,6f29f2b+1*,,1,,1,0,6,,f29f2b+1*,False,False,True,False,False,False,f29f2b1,f29f2b1,ffb,3,1,0,40-40,0,5,5,0,1,0,,,4
1199,20170401,Miami_Masters,Roger_Federer,Nick_Kyrgios,168,1,0,5,6,15-0,1,25,1,0,,1,2,RF,5+ f28 z3 b1 v1 f3 z3w#,,,5+f28z3b1v1f3z3w#,,1,,5f28z3b1v1f3z3w#,,1,,1,0,5,,f28z3b1v1f3z3w#,False,False,False,True,False,False,f28z3b1v1f3z3w,f28z3b1v1f3z3,fzbvfz,6,2,0,15-15,0,5,6,0,1,0,,,6
1208,20170401,Miami_Masters,Roger_Federer,Nick_Kyrgios,197,1,1,1,0,15-0,1,28,1,0,,2,1,NK,6 f28 b3 b3 b;3 b-3*,,,6f28b3b3b;3b-3*,,0,,6f28b3b3b;3b-3*,,1,,1,0,6,,f28b3b3b;3b-3*,False,False,True,False,False,False,f28b3b3b3b3,f28b3b3b3b3,fbbbb,5,1,0,15-15,0,1,0,0,1,1,,,6
1216,20170401,Miami_Masters,Roger_Federer,Nick_Kyrgios,205,1,1,1,1,40-15,1,29,1,0,,1,2,RF,4+ f27 v2d@,,,4+f27v2d@,,1,,4f27v2d@,,1,,1,0,4,,f27v2d@,False,False,False,False,True,False,f27v2d,f27v2,fv,2,2,0,40-30,0,1,1,0,1,1,,,2
1222,20170401,Miami_Masters,Roger_Federer,Nick_Kyrgios,211,1,1,2,1,40-15,1,30,1,0,,2,1,NK,4 f38 b2n#,,,4f38b2n#,,0,,4f38b2n#,,1,,1,0,4,,f38b2n#,False,False,False,True,False,False,f38b2n,f38b2,fb,2,1,0,40-30,0,2,1,0,1,1,,,2
1225,20170401,Miami_Masters,Roger_Federer,Nick_Kyrgios,214,1,1,2,1,AD-40,1,30,1,0,,2,1,NK,6 f29 f3 b3 b3 f1*,,,6f29f3b3b3f1*,,0,,6f29f3b3b3f1*,,1,,1,0,6,,f29f3b3b3f1*,False,False,True,False,False,False,f29f3b3b3f1,f29f3b3b3f1,ffbbf,5,1,0,40-40,0,2,1,0,1,1,,,6
1235,20170401,Miami_Masters,Roger_Federer,Nick_Kyrgios,224,1,1,3,2,15-0,1,32,1,0,,2,1,NK,4 f39 b#,,,4f39b#,,0,,4f39b#,,1,,1,0,4,,f39b#,False,False,False,True,False,False,f39b,f39b,fb,2,1,0,15-15,0,3,2,0,1,1,,,2
1273,20170319,Indian_Wells_Masters,Roger_Federer,Stanislas_Wawrinka,4,0,0,0,0,40-0,1,1,1,0,,1,2,RF,c4 s37 f+1n@,,,4s37f+1n@,,0,,4s37f+1n@,,1,,1,0,4,,s37f+1n@,False,False,False,False,True,False,s37f1n,s37f1,sf,2,2,0,40-15,0,0,0,0,0,0,,,2
1286,20170319,Indian_Wells_Masters,Roger_Federer,Stanislas_Wawrinka,17,0,0,2,1,15-0,1,4,1,0,,2,1,SW,6 f28 f3 s3 b2d@,,,6f28f3s3b2d@,,0,,6f28f3s3b2d@,,1,,1,0,6,,f28f3s3b2d@,False,False,False,False,True,False,f28f3s3b2d,f28f3s3b2,ffsb,4,1,0,15-15,0,2,1,0,0,0,,,4
1292,20170319,Indian_Wells_Masters,Roger_Federer,Stanislas_Wawrinka,23,0,0,2,2,15-0,1,5,1,0,,1,2,RF,6 r28 f3 b3 b+1w@,,,6r28f3b3b+1w@,,0,,6r28f3b3b+1w@,,1,,1,0,6,,r28f3b3b+1w@,False,False,False,False,True,False,r28f3b3b1w,r28f3b3b1,rfbb,4,2,0,15-15,0,2,2,0,0,0,,,4
1313,20170319,Indian_Wells_Masters,Roger_Federer,Stanislas_Wawrinka,44,0,0,4,4,30-15,1,9,1,0,,1,2,RF,4 s38 b3d@,,,4s38b3d@,,0,,4s38b3d@,,1,,1,0,4,,s38b3d@,False,False,False,False,True,False,s38b3d,s38b3,sb,2,2,0,30-30,0,4,4,0,0,0,,,2
1321,20170319,Indian_Wells_Masters,Roger_Federer,Stanislas_Wawrinka,52,0,0,5,4,30-40,1,10,1,0,,2,1,SW,4 s28 b3 s;3 s3 f1 f1 f2 b3 s2 f2 f1 f2 b3 b1 r1 f3 s3 b3 b2 f2d@,,,4s28b3s;3s3f1f1f2b3s2f2f1f2b3b1r1f3s3b3b2f2d@,,0,,4s28b3s;3s3f1f1f2b3s2f2f1f2b3b1r1f3s3b3b2f2d@,,1,,1,0,4,,s28b3s;3s3f1f1f2b3s2f2f1f2b3b1r1f3s3b3b2f2d@,False,False,False,False,True,False,s28b3s3s3f1f1f2b3s2f2f1f2b3b1r1f3s3b3b2f2d,s28b3s3s3f1f1f2b3s2f2f1f2b3b1r1f3s3b3b2f2,sbssfffbsfffbbrfsbbf,20,1,0,GM,1,6,4,1,1,0,,,20
1327,20170319,Indian_Wells_Masters,Roger_Federer,Stanislas_Wawrinka,58,1,0,0,0,30-40,1,11,1,0,,1,2,RF,4 s29 f3 b3 b1d@,,,4s29f3b3b1d@,,0,,4s29f3b3b1d@,,1,,1,0,4,,s29f3b3b1d@,False,False,False,False,True,False,s29f3b3b1d,s29f3b3b1,sfbb,4,2,0,GM,2,0,1,0,1,0,,,4
1331,20170319,Indian_Wells_Masters,Roger_Federer,Stanislas_Wawrinka,62,1,0,0,1,30-15,1,12,1,0,,2,1,SW,6 f27 f+2 b2 v2d@,,,6f27f+2b2v2d@,,0,,6f27f+2b2v2d@,,1,,1,0,6,,f27f+2b2v2d@,False,False,False,False,True,False,f27f2b2v2d,f27f2b2v2,ffbv,4,1,0,30-30,0,0,1,0,1,0,,,4
1346,20170319,Indian_Wells_Masters,Roger_Federer,Stanislas_Wawrinka,77,1,0,1,2,0-15,1,14,1,0,,2,1,SW,4 b38 b3 b2 f3w@,,,4b38b3b2f3w@,,0,,4b38b3b2f3w@,,1,,1,0,4,,b38b3b2f3w@,False,False,False,False,True,False,b38b3b2f3w,b38b3b2f3,bbbf,4,1,0,0-30,0,1,2,0,1,0,,,4
1349,20170319,Indian_Wells_Masters,Roger_Federer,Stanislas_Wawrinka,80,1,0,1,2,15-40,1,14,1,0,,2,1,SW,6 s27 f+1 l2 o2 f2 b3 s2 b+2 f1*,,,6s27f+1l2o2f2b3s2b+2f1*,,0,,6s27f+1l2o2f2b3s2b+2f1*,,1,,1,0,6,,s27f+1l2o2f2b3s2b+2f1*,False,False,True,False,False,False,s27f1l2o2f2b3s2b2f1,s27f1l2o2f2b3s2b2f1,sflofbsbf,9,1,0,GM,1,2,2,0,1,0,,,10
1360,20170319,Indian_Wells_Masters,Roger_Federer,Stanislas_Wawrinka,91,1,0,3,2,40-15,1,16,1,0,,2,1,SW,6 b29 f2 f+3 b1w#,,Wawrinka challenged incorrectly,6b29f2f+3b1w#,,0,,6b29f2f+3b1w#,,1,,1,0,6,,b29f2f+3b1w#,False,False,False,True,False,False,b29f2f3b1w,b29f2f3b1,bffb,4,1,0,40-30,0,3,2,0,1,0,,,4
1361,20170319,Indian_Wells_Masters,Roger_Federer,Stanislas_Wawrinka,92,1,0,3,2,40-30,1,16,1,0,,2,1,SW,5 b38 f1 f1 f3d#,,,5b38f1f1f3d#,,0,,5b38f1f1f3d#,,1,,1,0,5,,b38f1f1f3d#,False,False,False,True,False,False,b38f1f1f3d,b38f1f1f3,bfff,4,1,0,40-40,0,3,2,0,1,0,,,4
1367,20170319,Indian_Wells_Masters,Roger_Federer,Stanislas_Wawrinka,98,1,0,3,3,30-15,1,17,1,0,,1,2,RF,5 r28 f2 f2 s3 b3 f2 f2 f1n@,,,5r28f2f2s3b3f2f2f1n@,,0,,5r28f2f2s3b3f2f2f1n@,,1,,1,0,5,,r28f2f2s3b3f2f2f1n@,False,False,False,False,True,False,r28f2f2s3b3f2f2f1n,r28f2f2s3b3f2f2f1,rffsbfff,8,2,0,30-30,0,3,3,0,1,0,,,8
1371,20170319,Indian_Wells_Masters,Roger_Federer,Stanislas_Wawrinka,102,1,0,4,3,15-0,1,18,1,0,,2,1,SW,6 f29 f1n#,,,6f29f1n#,,0,,6f29f1n#,,1,,1,0,6,,f29f1n#,False,False,False,True,False,False,f29f1n,f29f1,ff,2,1,0,15-15,0,4,3,0,1,0,,,2
1382,20170319,Indian_Wells_Masters,Roger_Federer,Stanislas_Wawrinka,113,1,0,5,4,40-0,1,20,1,0,,2,1,SW,5 f18*,,,5f18*,,0,,5f18*,,1,,1,0,5,,f18*,False,False,True,False,False,False,f18,f18,f,1,1,0,40-15,0,5,4,0,1,0,,,2
1392,20170319,Indian_Wells_Masters,Roger_Federer,Stanislas_Wawrinka,123,1,0,6,5,15-0,1,22,1,0,,2,1,SW,4 b28 f2 f2 b3 b2 f1n@,,,4b28f2f2b3b2f1n@,,0,,4b28f2f2b3b2f1n@,,1,,1,0,4,,b28f2f2b3b2f1n@,False,False,False,False,True,False,b28f2f2b3b2f1n,b28f2f2b3b2f1,bffbbf,6,1,0,15-15,0,6,5,0,1,0,,,6
1394,20170319,Indian_Wells_Masters,Roger_Federer,Stanislas_Wawrinka,125,1,0,6,5,30-15,1,22,1,0,,2,1,SW,5 f28 f1 f3 b3w@,,,5f28f1f3b3w@,,0,,5f28f1f3b3w@,,1,,1,0,5,,f28f1f3b3w@,False,False,False,False,True,False,f28f1f3b3w,f28f1f3b3,fffb,4,1,0,30-30,0,6,5,0,1,0,,,4
1414,20170126,Australian_Open,Roger_Federer,Stanislas_Wawrinka,16,0,0,1,1,40-30,1,3,1,0,,1,2,RF,4+ s3 z2 f1 v3n#,,,4+s3z2f1v3n#,,1,,4s3z2f1v3n#,,1,,1,0,4,,s3z2f1v3n#,False,False,False,True,False,False,s3z2f1v3n,s3z2f1v3,szfv,4,2,0,40-40,0,1,1,0,0,0,,,4
1418,20170126,Australian_Open,Roger_Federer,Stanislas_Wawrinka,20,0,0,2,1,0-15,1,4,1,0,,2,1,SW,4 s28 f3 s1 f1 f3 s3 z+1 f1d#,,,4s28f3s1f1f3s3z+1f1d#,,0,,4s28f3s1f1f3s3z+1f1d#,,1,,1,0,4,,s28f3s1f1f3s3z+1f1d#,False,False,False,True,False,False,s28f3s1f1f3s3z1f1d,s28f3s1f1f3s3z1f1,sfsffszf,8,1,0,0-30,0,2,1,0,0,0,,,8
1424,20170126,Australian_Open,Roger_Federer,Stanislas_Wawrinka,26,0,0,2,1,AD-40,1,4,1,0,,2,1,SW,4 s29 f1 f1 f2 b1 h1 f1 f1w#,,,4s29f1f1f2b1h1f1f1w#,,0,,4s29f1f1f2b1h1f1f1w#,,1,,1,0,4,,s29f1f1f2b1h1f1f1w#,False,False,False,True,False,False,s29f1f1f2b1h1f1f1w,s29f1f1f2b1h1f1f1,sfffbhff,8,1,0,40-40,0,2,1,0,0,0,,,8
1426,20170126,Australian_Open,Roger_Federer,Stanislas_Wawrinka,28,0,0,2,1,AD-40,1,4,1,0,,2,1,SW,6 f28 b2 b3 b3 f3 b3 b3 b3 b2 b2 f3 b1n@,,,6f28b2b3b3f3b3b3b3b2b2f3b1n@,,0,,6f28b2b3b3f3b3b3b3b2b2f3b1n@,,1,,1,0,6,,f28b2b3b3f3b3b3b3b2b2f3b1n@,False,False,False,False,True,False,f28b2b3b3f3b3b3b3b2b2f3b1n,f28b2b3b3f3b3b3b3b2b2f3b1,fbbbfbbbbbfb,12,1,0,40-40,0,2,1,0,0,0,,,12
1430,20170126,Australian_Open,Roger_Federer,Stanislas_Wawrinka,32,0,0,2,2,0-15,1,5,1,0,,1,2,RF,6 f27 f1;d@,,,6f27f1;d@,,0,,6f27f1;d@,,1,,1,0,6,,f27f1;d@,False,False,False,False,True,False,f27f1d,f27f1,ff,2,2,0,0-30,0,2,2,0,0,0,,,2
1432,20170126,Australian_Open,Roger_Federer,Stanislas_Wawrinka,34,0,0,2,2,15-30,1,5,1,0,,1,2,RF,cc5 b28 f!@,,,5b28f!@,,0,,5b28f!@,,1,,1,0,5,,b28f!@,False,False,False,False,True,False,b28f!,b28f,bf,2,2,0,15-40,0,2,2,0,0,0,,,2
1436,20170126,Australian_Open,Roger_Federer,Stanislas_Wawrinka,38,0,0,2,2,AD-40,1,5,1,0,,1,2,RF,6 r29 f3 b3 b2 f1 f2 b2 i2 b3 s3 f3 s2 f1 f1 f1*,,,6r29f3b3b2f1f2b2i2b3s3f3s2f1f1f1*,,0,,6r29f3b3b2f1f2b2i2b3s3f3s2f1f1f1*,,1,,1,0,6,,r29f3b3b2f1f2b2i2b3s3f3s2f1f1f1*,False,False,True,False,False,False,r29f3b3b2f1f2b2i2b3s3f3s2f1f1f1,r29f3b3b2f1f2b2i2b3s3f3s2f1f1f1,rfbbffbibsfsfff,15,2,0,40-40,0,2,2,0,0,0,,,16
1455,20170126,Australian_Open,Roger_Federer,Stanislas_Wawrinka,57,0,0,4,3,40-15,1,8,1,0,,2,1,SW,5 s29 b3d@,,,5s29b3d@,,0,,5s29b3d@,,1,,1,0,5,,s29b3d@,False,False,False,False,True,False,s29b3d,s29b3,sb,2,1,0,40-30,0,4,3,0,0,0,,,2
1462,20170126,Australian_Open,Roger_Federer,Stanislas_Wawrinka,64,0,0,5,4,15-0,1,10,1,0,,2,1,SW,4+ s2 z3d@,,,4+s2z3d@,,1,,4s2z3d@,,1,,1,0,4,,s2z3d@,False,False,False,False,True,False,s2z3d,s2z3,sz,2,1,0,15-15,0,5,4,0,0,0,,,2
1465,20170126,Australian_Open,Roger_Federer,Stanislas_Wawrinka,67,0,0,5,4,40-15,1,10,1,0,,2,1,SW,5 f18 f1 f1*,,,5f18f1f1*,,0,,5f18f1f1*,,1,,1,0,5,,f18f1f1*,False,False,True,False,False,False,f18f1f1,f18f1f1,fff,3,1,0,40-30,0,5,4,0,0,0,,,4
1480,20170126,Australian_Open,Roger_Federer,Stanislas_Wawrinka,82,0,0,6,5,30-40,1,12,1,0,,2,1,SW,5 s39 f3 s1 f3n@,,,5s39f3s1f3n@,,0,,5s39f3s1f3n@,,1,,1,0,5,,s39f3s1f3n@,False,False,False,False,True,False,s39f3s1f3n,s39f3s1f3,sfsf,4,1,0,GM,1,7,5,1,1,0,,,4
1490,20170126,Australian_Open,Roger_Federer,Stanislas_Wawrinka,92,1,0,1,0,40-0,1,14,1,0,,2,1,SW,4 b28 f2 s3 s1 f3 s3 s+1 f2 h3 l2 o1*,,,4b28f2s3s1f3s3s+1f2h3l2o1*,,0,,4b28f2s3s1f3s3s+1f2h3l2o1*,,1,,1,0,4,,b28f2s3s1f3s3s+1f2h3l2o1*,False,False,True,False,False,False,b28f2s3s1f3s3s1f2h3l2o1,b28f2s3s1f3s3s1f2h3l2o1,bfssfssfhlo,11,1,0,40-15,0,1,0,0,1,0,,,12
1501,20170126,Australian_Open,Roger_Federer,Stanislas_Wawrinka,103,1,0,2,1,40-0,1,16,1,0,,2,1,SW,6 f19 f1 f2 b3 s+3 b2n@,,,6f19f1f2b3s+3b2n@,,0,,6f19f1f2b3s+3b2n@,,1,,1,0,6,,f19f1f2b3s+3b2n@,False,False,False,False,True,False,f19f1f2b3s3b2n,f19f1f2b3s3b2,fffbsb,6,1,0,40-15,0,2,1,0,1,0,,,6
1502,20170126,Australian_Open,Roger_Federer,Stanislas_Wawrinka,104,1,0,2,1,40-15,1,16,1,0,,2,1,SW,4 f29 f3w@,,,4f29f3w@,,0,,4f29f3w@,,1,,1,0,4,,f29f3w@,False,False,False,False,True,False,f29f3w,f29f3,ff,2,1,0,40-30,0,2,1,0,1,0,,,2
1510,20170126,Australian_Open,Roger_Federer,Stanislas_Wawrinka,112,1,0,3,2,0-15,1,18,1,0,,2,1,SW,4 s38 b2 f1*,,,4s38b2f1*,,0,,4s38b2f1*,,1,,1,0,4,,s38b2f1*,False,False,True,False,False,False,s38b2f1,s38b2f1,sbf,3,1,0,0-30,0,3,2,0,1,0,,,4
1512,20170126,Australian_Open,Roger_Federer,Stanislas_Wawrinka,114,1,0,3,2,15-30,1,18,1,0,,2,1,SW,4 s28 f3d@,,,4s28f3d@,,0,,4s28f3d@,,1,,1,0,4,,s28f3d@,False,False,False,False,True,False,s28f3d,s28f3,sf,2,1,0,15-40,0,3,2,0,1,0,,,2
1514,20170126,Australian_Open,Roger_Federer,Stanislas_Wawrinka,116,1,0,3,2,30-40,1,18,1,0,,2,1,SW,4 s37 b3 b2 f2 f2 b;2 s1 f3 b3 b3n@,,,4s37b3b2f2f2b;2s1f3b3b3n@,,0,,4s37b3b2f2f2b;2s1f3b3b3n@,,1,,1,0,4,,s37b3b2f2f2b;2s1f3b3b3n@,False,False,False,False,True,False,s37b3b2f2f2b2s1f3b3b3n,s37b3b2f2f2b2s1f3b3b3,sbbffbsfbb,10,1,0,GM,1,4,2,0,1,0,,,10
1516,20170126,Australian_Open,Roger_Federer,Stanislas_Wawrinka,118,1,0,4,2,15-0,1,19,1,0,,1,2,RF,4 s28 f2 f2 b2 f3 b3 b3 b2d@,,,4s28f2f2b2f3b3b3b2d@,,0,,4s28f2f2b2f3b3b3b2d@,,1,,1,0,4,,s28f2f2b2f3b3b3b2d@,False,False,False,False,True,False,s28f2f2b2f3b3b3b2d,s28f2f2b2f3b3b3b2,sffbfbbb,8,2,0,15-15,0,4,2,0,1,0,,,8
1523,20170126,Australian_Open,Roger_Federer,Stanislas_Wawrinka,125,1,0,5,2,40-0,1,20,1,0,,2,1,SW,4 b1 v-1n#,,,4b1v-1n#,,0,,4b1v-1n#,,1,,1,0,4,,b1v-1n#,False,False,False,True,False,False,b1v1n,b1v1,bv,2,1,0,40-15,0,5,2,0,1,0,,,2
1524,20170126,Australian_Open,Roger_Federer,Stanislas_Wawrinka,126,1,0,5,2,40-15,1,20,1,0,,2,1,SW,6 s27 s+3 b3 z2 h2 z2d#,,,6s27s+3b3z2h2z2d#,,0,,6s27s+3b3z2h2z2d#,,1,,1,0,6,,s27s+3b3z2h2z2d#,False,False,False,True,False,False,s27s3b3z2h2z2d,s27s3b3z2h2z2,ssbzhz,6,1,0,40-30,0,5,2,0,1,0,,,6
1541,20170126,Australian_Open,Roger_Federer,Stanislas_Wawrinka,143,2,0,1,1,15-0,1,24,1,0,,2,1,SW,4 s37 f-3n@,,,4s37f-3n@,,0,,4s37f-3n@,,1,,1,0,4,,s37f-3n@,False,False,False,False,True,False,s37f3n,s37f3,sf,2,1,0,15-15,0,1,1,0,2,0,,,2
1543,20170126,Australian_Open,Roger_Federer,Stanislas_Wawrinka,145,2,0,1,1,30-15,1,24,1,0,,2,1,SW,4 s29 f2 f+3 s3 b3*,,,4s29f2f+3s3b3*,,0,,4s29f2f+3s3b3*,,1,,1,0,4,,s29f2f+3s3b3*,False,False,True,False,False,False,s29f2f3s3b3,s29f2f3s3b3,sffsb,5,1,0,30-30,0,1,1,0,2,0,,,6
1550,20170126,Australian_Open,Roger_Federer,Stanislas_Wawrinka,152,2,0,1,2,15-40,1,25,1,0,,1,2,RF,4+ r37 i;3 b-3*,,,4+r37i;3b-3*,,1,,4r37i;3b-3*,,1,,1,0,4,,r37i;3b-3*,False,False,True,False,False,False,r37i3b3,r37i3b3,rib,3,2,0,GM,2,1,3,0,2,0,,,4
1559,20170126,Australian_Open,Roger_Federer,Stanislas_Wawrinka,161,2,0,1,4,30-15,1,27,1,0,,1,2,RF,5 s28 f1x@,,,5s28f1x@,,0,,5s28f1x@,,1,,1,0,5,,s28f1x@,False,False,False,False,True,False,s28f1x,s28f1,sf,2,2,0,30-30,0,1,4,0,2,0,,,2
1573,20170126,Australian_Open,Roger_Federer,Stanislas_Wawrinka,175,2,1,0,1,15-0,1,30,1,0,,2,1,SW,6 f29 f1 f2 f2 r2 f1 r2 b3 s3 b3 s3 b1 f2 b+3 b3*,,,6f29f1f2f2r2f1r2b3s3b3s3b1f2b+3b3*,,0,,6f29f1f2f2r2f1r2b3s3b3s3b1f2b+3b3*,,1,,1,0,6,,f29f1f2f2r2f1r2b3s3b3s3b1f2b+3b3*,False,False,True,False,False,False,f29f1f2f2r2f1r2b3s3b3s3b1f2b3b3,f29f1f2f2r2f1r2b3s3b3s3b1f2b3b3,ffffrfrbsbsbfbb,15,1,0,15-15,0,0,1,0,2,1,,,16
1575,20170126,Australian_Open,Roger_Federer,Stanislas_Wawrinka,177,2,1,0,1,30-15,1,30,1,0,,2,1,SW,6 f29 f2n#,,,6f29f2n#,,0,,6f29f2n#,,1,,1,0,6,,f29f2n#,False,False,False,True,False,False,f29f2n,f29f2,ff,2,1,0,30-30,0,0,1,0,2,1,,,2
1579,20170126,Australian_Open,Roger_Federer,Stanislas_Wawrinka,181,2,1,0,1,40-AD,1,30,1,0,,2,1,SW,5 s38 b3 b2 f2 b2 f3 b3 b3 b3 b2 f1 f2 f2 b2 f3 s3 f3 b3d@,,,5s38b3b2f2b2f3b3b3b3b2f1f2f2b2f3s3f3b3d@,,0,,5s38b3b2f2b2f3b3b3b3b2f1f2f2b2f3s3f3b3d@,,1,,1,0,5,,s38b3b2f2b2f3b3b3b3b2f1f2f2b2f3s3f3b3d@,False,False,False,False,True,False,s38b3b2f2b2f3b3b3b3b2f1f2f2b2f3s3f3b3d,s38b3b2f2b2f3b3b3b3b2f1f2f2b2f3s3f3b3,sbbfbfbbbbfffbfsfb,18,1,0,GM,1,1,1,0,2,1,,,18
1588,20170126,Australian_Open,Roger_Federer,Stanislas_Wawrinka,190,2,1,2,1,40-0,1,32,1,0,,2,1,SW,4 b39 i2n#,,,4b39i2n#,,0,,4b39i2n#,,1,,1,0,4,,b39i2n#,False,False,False,True,False,False,b39i2n,b39i2,bi,2,1,0,40-15,0,2,1,0,2,1,,,2
1601,20170126,Australian_Open,Roger_Federer,Stanislas_Wawrinka,203,2,1,3,3,15-0,1,35,1,0,,1,2,RF,4 s38 f3w@,,,4s38f3w@,,0,,4s38f3w@,,1,,1,0,4,,s38f3w@,False,False,False,False,True,False,s38f3w,s38f3,sf,2,2,0,15-15,0,3,3,0,2,1,,,2
1608,20170126,Australian_Open,Roger_Federer,Stanislas_Wawrinka,210,2,1,4,3,30-15,1,36,1,0,,2,1,SW,4 b28 f1 f+3 s3 z1 l3 o3*,,,4b28f1f+3s3z1l3o3*,,0,,4b28f1f+3s3z1l3o3*,,1,,1,0,4,,b28f1f+3s3z1l3o3*,False,False,True,False,False,False,b28f1f3s3z1l3o3,b28f1f3s3z1l3o3,bffszlo,7,1,0,30-30,0,4,3,0,2,1,,,8
1614,20170126,Australian_Open,Roger_Federer,Stanislas_Wawrinka,216,2,1,4,4,0-15,1,37,1,0,,1,2,RF,6 r38 b3 b2 f2 f1*,,,6r38b3b2f2f1*,,0,,6r38b3b2f2f1*,,1,,1,0,6,,r38b3b2f2f1*,False,False,True,False,False,False,r38b3b2f2f1,r38b3b2f2f1,rbbff,5,2,0,0-30,0,4,4,0,2,1,,,6
1618,20170126,Australian_Open,Roger_Federer,Stanislas_Wawrinka,220,2,1,4,4,30-40,1,37,1,0,,1,2,RF,4 s28 f+3 s3 z1 r1*,,,4s28f+3s3z1r1*,,0,,4s28f+3s3z1r1*,,1,,1,0,4,,s28f+3s3z1r1*,False,False,True,False,False,False,s28f3s3z1r1,s28f3s3z1r1,sfszr,5,2,0,GM,2,4,5,0,2,1,,,6
1626,20170126,Australian_Open,Roger_Federer,Stanislas_Wawrinka,228,2,2,0,0,40-0,1,39,0,0,,1,2,RF,5 f18*,,,5f18*,,0,,5f18*,,1,,1,0,5,,f18*,False,False,True,False,False,False,f18,f18,f,1,2,0,40-15,0,0,0,0,2,2,,,2
1633,20170126,Australian_Open,Roger_Federer,Stanislas_Wawrinka,235,2,2,1,1,15-0,1,41,0,0,,1,2,RF,4 s38 f+1 l2 o3 m2 o1 f1 z3n@,,,4s38f+1l2o3m2o1f1z3n@,,0,,4s38f+1l2o3m2o1f1z3n@,,1,,1,0,4,,s38f+1l2o3m2o1f1z3n@,False,False,False,False,True,False,s38f1l2o3m2o1f1z3n,s38f1l2o3m2o1f1z3,sflomofz,8,2,0,15-15,0,1,1,0,2,2,,,8
1641,20170126,Australian_Open,Roger_Federer,Stanislas_Wawrinka,243,2,2,2,1,0-15,1,42,0,0,,2,1,SW,6 r27 f+3 b3 z3n#,,,6r27f+3b3z3n#,,0,,6r27f+3b3z3n#,,1,,1,0,6,,r27f+3b3z3n#,False,False,False,True,False,False,r27f3b3z3n,r27f3b3z3,rfbz,4,1,0,0-30,0,2,1,0,2,2,,,4
1684,20170124,Australian_Open,Roger_Federer,Mischa_Zverev,8,0,0,1,0,30-15,1,2,1,0,,2,1,MZ,4+ b19*,,,4+b19*,,1,,4b19*,,1,,1,0,4,,b19*,False,False,True,False,False,False,b19,b19,b,1,1,0,30-30,0,1,0,0,0,0,,,2
1686,20170124,Australian_Open,Roger_Federer,Mischa_Zverev,10,0,0,1,0,30-40,1,2,1,0,,2,1,MZ,6 f27 s+3 f3*,,,6f27s+3f3*,,0,,6f27s+3f3*,,1,,1,0,6,,f27s+3f3*,False,False,True,False,False,False,f27s3f3,f27s3f3,fsf,3,1,0,GM,1,2,0,0,0,0,,,4
1694,20170124,Australian_Open,Roger_Federer,Mischa_Zverev,18,0,0,3,0,0-15,1,4,1,0,,2,1,MZ,6+ f27 h2 f1*,,,6+f27h2f1*,,1,,6f27h2f1*,,1,,1,0,6,,f27h2f1*,False,False,True,False,False,False,f27h2f1,f27h2f1,fhf,3,1,0,0-30,0,3,0,0,0,0,,,4
1697,20170124,Australian_Open,Roger_Federer,Mischa_Zverev,21,0,0,3,0,15-40,1,4,1,0,,2,1,MZ,4+ f18 z3 b3*,,,4+f18z3b3*,,1,,4f18z3b3*,,1,,1,0,4,,f18z3b3*,False,False,True,False,False,False,f18z3b3,f18z3b3,fzb,3,1,0,GM,1,4,0,0,0,0,,,4
1703,20170124,Australian_Open,Roger_Federer,Mischa_Zverev,27,0,0,5,0,15-0,1,6,1,0,,2,1,MZ,4+ b28 z2 f3*,,,4+b28z2f3*,,1,,4b28z2f3*,,1,,1,0,4,,b28z2f3*,False,False,True,False,False,False,b28z2f3,b28z2f3,bzf,3,1,0,15-15,0,5,0,0,0,0,,,4
1706,20170124,Australian_Open,Roger_Federer,Mischa_Zverev,30,0,0,5,0,40-15,1,6,1,0,,2,1,MZ,4+ f28 z3 b1 z3d#,,,4+f28z3b1z3d#,,1,,4f28z3b1z3d#,,1,,1,0,4,,f28z3b1z3d#,False,False,False,True,False,False,f28z3b1z3d,f28z3b1z3,fzbz,4,1,0,40-30,0,5,0,0,0,0,,,4
1709,20170124,Australian_Open,Roger_Federer,Mischa_Zverev,33,0,0,5,1,15-0,1,7,1,0,,1,2,RF,6 s27 f+!@,,Even the shank was impressive: the ball just shot up into the air at extremely high speed and landed somewhere far into the crowd,6s27f+!@,,0,,6s27f+!@,,1,,1,0,6,,s27f+!@,False,False,False,False,True,False,s27f!,s27f,sf,2,2,0,15-15,0,5,1,0,0,0,,,2
1713,20170124,Australian_Open,Roger_Federer,Mischa_Zverev,37,0,0,5,1,40-30,1,7,1,0,,1,2,RF,6 b28 f1 b1 f3w#,,MZ's last backhand (b1) may have landed wide - difficult to tell,6b28f1b1f3w#,,0,,6b28f1b1f3w#,,1,,1,0,6,,b28f1b1f3w#,False,False,False,True,False,False,b28f1b1f3w,b28f1b1f3,bfbf,4,2,0,40-40,0,5,1,0,0,0,,,4
1719,20170124,Australian_Open,Roger_Federer,Mischa_Zverev,43,1,0,0,0,40-0,1,8,1,0,,2,1,MZ,6+ f27u3 b2 z!#,,Extremely poor drop shot by MZ - both relatively deep and high bouncing,6+f27u3b2z!#,,1,,6f27u3b2z!#,,1,,1,0,6,,f27u3b2z!#,False,False,False,True,False,False,f27u3b2z!,f27u3b2z,fubz,4,1,0,40-15,0,0,0,0,1,0,,,4
1722,20170124,Australian_Open,Roger_Federer,Mischa_Zverev,46,1,0,0,1,15-0,1,9,1,0,,1,2,RF,5 f19*,,,5f19*,,0,,5f19*,,1,,1,0,5,,f19*,False,False,True,False,False,False,f19,f19,f,1,2,0,15-15,0,0,1,0,1,0,,,2
1734,20170124,Australian_Open,Roger_Federer,Mischa_Zverev,58,1,0,1,2,0-40,1,11,1,0,,1,2,RF,6 b+39 i=2n#,,,6b+39i=2n#,,0,,6b+39i=2n#,,1,,1,0,6,,b+39i=2n#,False,False,False,True,False,False,b39i2n,b39i2,bi,2,2,0,GM,2,1,3,0,1,0,,,2
1736,20170124,Australian_Open,Roger_Federer,Mischa_Zverev,60,1,0,1,3,0-15,1,12,1,0,,2,1,MZ,6+ f28 h1 f-3*,,Drop-half-volley by MZ (h1),6+f28h1f-3*,,1,,6f28h1f-3*,,1,,1,0,6,,f28h1f-3*,False,False,True,False,False,False,f28h1f3,f28h1f3,fhf,3,1,0,0-30,0,1,3,0,1,0,,,4
1738,20170124,Australian_Open,Roger_Federer,Mischa_Zverev,62,1,0,1,3,15-30,1,12,1,0,,2,1,MZ,5+ f18 z2 b3 v3x#,,,5+f18z2b3v3x#,,1,,5f18z2b3v3x#,,1,,1,0,5,,f18z2b3v3x#,False,False,False,True,False,False,f18z2b3v3x,f18z2b3v3,fzbv,4,1,0,15-40,0,1,3,0,1,0,,,4
1740,20170124,Australian_Open,Roger_Federer,Mischa_Zverev,64,1,0,1,3,30-40,1,12,1,0,,2,1,MZ,5+ b27y;3 b2 z#,,The net-cord (y;3) made the drop-shot pop higher and deeper than it otherwise would have been; MZ barely got his racquet on the last shot resulting in the ball flying completely out (z#),5+b27y;3b2z#,,1,,5b27y;3b2z#,,1,,1,0,5,,b27y;3b2z#,False,False,False,True,False,False,b27y3b2z,b27y3b2z,bybz,4,1,0,GM,1,2,3,0,1,0,,,4
1744,20170124,Australian_Open,Roger_Federer,Mischa_Zverev,68,1,0,2,3,30-15,1,13,1,0,,1,2,RF,4 f28 f1 s2 f3 f2 f1 s2 f1 s3 f3 f3 f1 s2 f2 f3 s3n@,,Return direction hard to judge due to camera angle - may have been direction 1,4f28f1s2f3f2f1s2f1s3f3f3f1s2f2f3s3n@,,0,,4f28f1s2f3f2f1s2f1s3f3f3f1s2f2f3s3n@,,1,,1,0,4,,f28f1s2f3f2f1s2f1s3f3f3f1s2f2f3s3n@,False,False,False,False,True,False,f28f1s2f3f2f1s2f1s3f3f3f1s2f2f3s3n,f28f1s2f3f2f1s2f1s3f3f3f1s2f2f3s3,ffsfffsfsfffsffs,16,2,0,30-30,0,2,3,0,1,0,,,16
1748,20170124,Australian_Open,Roger_Federer,Mischa_Zverev,72,1,0,3,3,15-0,1,14,1,0,,2,1,MZ,5+ b37 h3 s-3*,,Drop-half-volley,5+b37h3s-3*,,1,,5b37h3s-3*,,1,,1,0,5,,b37h3s-3*,False,False,True,False,False,False,b37h3s3,b37h3s3,bhs,3,1,0,15-15,0,3,3,0,1,0,,,4
1755,20170124,Australian_Open,Roger_Federer,Mischa_Zverev,79,1,0,3,4,30-15,1,15,1,0,,1,2,RF,4 f19 r!#,,,4f19r!#,,0,,4f19r!#,,1,,1,0,4,,f19r!#,False,False,False,True,False,False,f19r!,f19r,fr,2,2,0,30-30,0,3,4,0,1,0,,,2
1763,20170124,Australian_Open,Roger_Federer,Mischa_Zverev,87,1,0,4,5,15-0,1,17,1,0,,1,2,RF,6 b38 f1 s3 s1 s2 f1 b2 f1 b2 f3n@,,Unforced error count almost agrees exactly with official tally so far! (10 and 3 for RF and MZ respectively - only 2 charted for MZ),6b38f1s3s1s2f1b2f1b2f3n@,,0,,6b38f1s3s1s2f1b2f1b2f3n@,,1,,1,0,6,,b38f1s3s1s2f1b2f1b2f3n@,False,False,False,False,True,False,b38f1s3s1s2f1b2f1b2f3n,b38f1s3s1s2f1b2f1b2f3,bfsssfbfbf,10,2,0,15-15,0,4,5,0,1,0,,,10
1769,20170124,Australian_Open,Roger_Federer,Mischa_Zverev,93,1,0,5,5,0-15,1,18,1,0,,2,1,MZ,5+ s28 s=3n#,,RF's return forced MZ back during his approach and his shot was hit well behind the service line,5+s28s=3n#,,1,,5s28s=3n#,,1,,1,0,5,,s28s=3n#,False,False,False,True,False,False,s28s3n,s28s3,ss,2,1,0,0-30,0,5,5,0,1,0,,,2
1775,20170124,Australian_Open,Roger_Federer,Mischa_Zverev,99,1,0,6,5,40-0,1,19,1,0,,1,2,RF,4 f18*,,,4f18*,,0,,4f18*,,1,,1,0,4,,f18*,False,False,True,False,False,False,f18,f18,f,1,2,0,40-15,0,6,5,0,1,0,,,2
1776,20170124,Australian_Open,Roger_Federer,Mischa_Zverev,100,1,0,6,5,40-15,1,19,1,0,,1,2,RF,4 s38 f1 s+1 f3 v3*,,,4s38f1s+1f3v3*,,0,,4s38f1s+1f3v3*,,1,,1,0,4,,s38f1s+1f3v3*,False,False,True,False,False,False,s38f1s1f3v3,s38f1s1f3v3,sfsfv,5,2,0,40-30,0,6,5,0,1,0,,,6
1783,20170124,Australian_Open,Roger_Federer,Mischa_Zverev,107,2,0,0,0,40-30,1,20,1,0,,2,1,MZ,6+ f28 z1 f1 z3 m1 o3w#,,RF's backhand lob (m1) was sliced,6+f28z1f1z3m1o3w#,,1,,6f28z1f1z3m1o3w#,,1,,1,0,6,,f28z1f1z3m1o3w#,False,False,False,True,False,False,f28z1f1z3m1o3w,f28z1f1z3m1o3,fzfzmo,6,1,0,40-40,0,0,0,0,2,0,,,6
1796,20170124,Australian_Open,Roger_Federer,Mischa_Zverev,120,2,0,1,1,30-15,1,22,1,0,,2,1,MZ,5+ b38 v2 b-3*,,,5+b38v2b-3*,,1,,5b38v2b-3*,,1,,1,0,5,,b38v2b-3*,False,False,True,False,False,False,b38v2b3,b38v2b3,bvb,3,1,0,30-30,0,1,1,0,2,0,,,4
1807,20170124,Australian_Open,Roger_Federer,Mischa_Zverev,131,2,0,2,2,30-15,1,24,1,0,,2,1,MZ,5+ f28 z1 f3*,,,5+f28z1f3*,,1,,5f28z1f3*,,1,,1,0,5,,f28z1f3*,False,False,True,False,False,False,f28z1f3,f28z1f3,fzf,3,1,0,30-30,0,2,2,0,2,0,,,4
1811,20170124,Australian_Open,Roger_Federer,Mischa_Zverev,135,2,0,2,2,AD-40,1,24,1,0,,2,1,MZ,6+ f28 i2 l-2 l=3 o=2 b+2 f2 z3 m2*,,,6+f28i2l-2l=3o=2b+2f2z3m2*,,1,,6f28i2l-2l=3o=2b+2f2z3m2*,,1,,1,0,6,,f28i2l-2l=3o=2b+2f2z3m2*,False,False,True,False,False,False,f28i2l2l3o2b2f2z3m2,f28i2l2l3o2b2f2z3m2,fillobfzm,9,1,0,40-40,0,2,2,0,2,0,,,10
1813,20170124,Australian_Open,Roger_Federer,Mischa_Zverev,137,2,0,2,2,40-AD,1,24,1,0,,2,1,MZ,5+ f27 z3 b1*,,,5+f27z3b1*,,1,,5f27z3b1*,,1,,1,0,5,,f27z3b1*,False,False,True,False,False,False,f27z3b1,f27z3b1,fzb,3,1,0,GM,1,3,2,0,2,0,,,4
1815,20170124,Australian_Open,Roger_Federer,Mischa_Zverev,139,2,0,3,2,15-0,1,25,1,0,,1,2,RF,6+ b28 z1 b1 v2 f3*,,,6+b28z1b1v2f3*,,1,,6b28z1b1v2f3*,,1,,1,0,6,,b28z1b1v2f3*,False,False,True,False,False,False,b28z1b1v2f3,b28z1b1v2f3,bzbvf,5,2,0,15-15,0,3,2,0,2,0,,,6
1824,20170124,Australian_Open,Roger_Federer,Mischa_Zverev,148,2,0,4,2,40-30,1,26,1,0,,2,1,MZ,4+ b28 z2 f1*,,,4+b28z2f1*,,1,,4b28z2f1*,,1,,1,0,4,,b28z2f1*,False,False,True,False,False,False,b28z2f1,b28z2f1,bzf,3,1,0,40-40,0,4,2,0,2,0,,,4
1830,20170124,Australian_Open,Roger_Federer,Mischa_Zverev,154,2,0,4,2,AD-40,1,26,1,0,,2,1,MZ,5+ s28 z3 b1 z1n#,,,5+s28z3b1z1n#,,1,,5s28z3b1z1n#,,1,,1,0,5,,s28z3b1z1n#,False,False,False,True,False,False,s28z3b1z1n,s28z3b1z1,szbz,4,1,0,40-40,0,4,2,0,2,0,,,4
1838,20170124,Australian_Open,Roger_Federer,Mischa_Zverev,162,2,0,4,2,AD-40,1,26,1,0,,2,1,MZ,6+ f18 i2 v3*,,,6+f18i2v3*,,1,,6f18i2v3*,,1,,1,0,6,,f18i2v3*,False,False,True,False,False,False,f18i2v3,f18i2v3,fiv,3,1,0,40-40,0,4,2,0,2,0,,,4
1844,20170124,Australian_Open,Roger_Federer,Mischa_Zverev,168,2,0,4,2,40-AD,1,26,1,0,,2,1,MZ,4+ b19*,,,4+b19*,,1,,4b19*,,1,,1,0,4,,b19*,False,False,True,False,False,False,b19,b19,b,1,1,0,GM,1,5,2,0,2,0,,,2
1864,20170122,Australian_Open,Roger_Federer,Kei_Nishikori,12,0,0,0,0,40-AD,1,1,1,0,,1,2,RF,c6 f18 f1w@,,,6f18f1w@,,0,,6f18f1w@,,1,,1,0,6,,f18f1w@,False,False,False,False,True,False,f18f1w,f18f1,ff,2,2,0,GM,2,0,1,0,0,0,,,2
1881,20170122,Australian_Open,Roger_Federer,Kei_Nishikori,29,0,0,0,2,40-AD,1,3,1,0,,1,2,RF,6 f18 f2n#,,,6f18f2n#,,0,,6f18f2n#,,1,,1,0,6,,f18f2n#,False,False,False,True,False,False,f18f2n,f18f2,ff,2,2,0,GM,2,0,3,0,0,0,,,2
1885,20170122,Australian_Open,Roger_Federer,Kei_Nishikori,33,0,0,0,3,40-0,1,4,1,0,,2,1,KN,5 s39 b1 f3 b2n@,,,5s39b1f3b2n@,,0,,5s39b1f3b2n@,,1,,1,0,5,,s39b1f3b2n@,False,False,False,False,True,False,s39b1f3b2n,s39b1f3b2,sbfb,4,1,0,40-15,0,0,3,0,0,0,,,4
1886,20170122,Australian_Open,Roger_Federer,Kei_Nishikori,34,0,0,0,3,40-15,1,4,1,0,,2,1,KN,6 b37 b+3 b2 z2 f3*,,,6b37b+3b2z2f3*,,0,,6b37b+3b2z2f3*,,1,,1,0,6,,b37b+3b2z2f3*,False,False,True,False,False,False,b37b3b2z2f3,b37b3b2z2f3,bbbzf,5,1,0,40-30,0,0,3,0,0,0,,,6
1893,20170122,Australian_Open,Roger_Federer,Kei_Nishikori,41,0,0,0,4,40-30,1,5,1,0,,1,2,RF,6 f38 f3n@,,,6f38f3n@,,0,,6f38f3n@,,1,,1,0,6,,f38f3n@,False,False,False,False,True,False,f38f3n,f38f3,ff,2,2,0,40-40,0,0,4,0,0,0,,,2
1897,20170122,Australian_Open,Roger_Federer,Kei_Nishikori,45,0,0,1,4,15-0,1,6,1,0,,2,1,KN,6 f39 b3 f3 s2 f+1 l1 o=2 b2n#,,,6f39b3f3s2f+1l1o=2b2n#,,0,,6f39b3f3s2f+1l1o=2b2n#,,1,,1,0,6,,f39b3f3s2f+1l1o=2b2n#,False,False,False,True,False,False,f39b3f3s2f1l1o2b2n,f39b3f3s2f1l1o2b2,fbfsflob,8,1,0,15-15,0,1,4,0,0,0,,,8
1907,20170122,Australian_Open,Roger_Federer,Kei_Nishikori,55,0,0,2,5,15-0,1,8,1,0,,2,1,KN,4+ s37 z1d@,,,4+s37z1d@,,1,,4s37z1d@,,1,,1,0,4,,s37z1d@,False,False,False,False,True,False,s37z1d,s37z1,sz,2,1,0,15-15,0,2,5,0,0,0,,,2
1909,20170122,Australian_Open,Roger_Federer,Kei_Nishikori,57,0,0,2,5,30-15,1,8,1,0,,2,1,KN,4+ s27 z2n@,,,4+s27z2n@,,1,,4s27z2n@,,1,,1,0,4,,s27z2n@,False,False,False,False,True,False,s27z2n,s27z2,sz,2,1,0,30-30,0,2,5,0,0,0,,,2
1917,20170122,Australian_Open,Roger_Federer,Kei_Nishikori,65,0,0,4,5,0-15,1,10,1,0,,2,1,KN,6 f27 f3w@,,,6f27f3w@,,0,,6f27f3w@,,1,,1,0,6,,f27f3w@,False,False,False,False,True,False,f27f3w,f27f3,ff,2,1,0,0-30,0,4,5,0,0,0,,,2
1923,20170122,Australian_Open,Roger_Federer,Kei_Nishikori,71,0,0,4,5,40-AD,1,10,1,0,,2,1,KN,6 f28 f3w@,,,6f28f3w@,,0,,6f28f3w@,,1,,1,0,6,,f28f3w@,False,False,False,False,True,False,f28f3w,f28f3,ff,2,1,0,GM,1,5,5,0,0,0,,,2
1934,20170122,Australian_Open,Roger_Federer,Kei_Nishikori,82,0,0,6,5,40-15,1,12,1,0,,2,1,KN,6 b29 f3 s3y+3 s-1 l-3w@,,,6b29f3s3y+3s-1l-3w@,,0,,6b29f3s3y+3s-1l-3w@,,1,,1,0,6,,b29f3s3y+3s-1l-3w@,False,False,False,False,True,False,b29f3s3y3s1l3w,b29f3s3y3s1l3,bfsysl,6,1,0,40-30,0,6,5,0,0,0,,,6
1966,20170122,Australian_Open,Roger_Federer,Kei_Nishikori,125,0,1,2,3,40-15,1,19,1,0,,1,2,RF,5+ s27 v3w@,,,5+s27v3w@,,1,,5s27v3w@,,1,,1,0,5,,s27v3w@,False,False,False,False,True,False,s27v3w,s27v3,sv,2,2,0,40-30,0,2,3,0,0,1,,,2
1971,20170122,Australian_Open,Roger_Federer,Kei_Nishikori,130,0,1,3,3,15-0,1,20,1,0,,2,1,KN,6 f29 b3 f1 r#,,,6f29b3f1r#,,0,,6f29b3f1r#,,1,,1,0,6,,f29b3f1r#,False,False,False,True,False,False,f29b3f1r,f29b3f1r,fbfr,4,1,0,15-15,0,3,3,0,0,1,,,4
1985,20170122,Australian_Open,Roger_Federer,Kei_Nishikori,144,0,1,5,3,40-0,1,22,1,0,,2,1,KN,6+ f28 v2 f1*,,,6+f28v2f1*,,1,,6f28v2f1*,,1,,1,0,6,,f28v2f1*,False,False,True,False,False,False,f28v2f1,f28v2f1,fvf,3,1,0,40-15,0,5,3,0,0,1,,,4
2003,20170122,Australian_Open,Roger_Federer,Kei_Nishikori,162,1,1,1,1,0-15,1,26,1,0,,2,1,KN,5 r29 f1 f1 f3d#,,,5r29f1f1f3d#,,0,,5r29f1f1f3d#,,1,,1,0,5,,r29f1f1f3d#,False,False,False,True,False,False,r29f1f1f3d,r29f1f1f3,rfff,4,1,0,0-30,0,1,1,0,1,1,,,4
2021,20170122,Australian_Open,Roger_Federer,Kei_Nishikori,180,1,1,3,1,15-30,1,28,1,0,,2,1,KN,6 f29 f3d#,,,6f29f3d#,,0,,6f29f3d#,,1,,1,0,6,,f29f3d#,False,False,False,True,False,False,f29f3d,f29f3,ff,2,1,0,15-40,0,3,1,0,1,1,,,2
2022,20170122,Australian_Open,Roger_Federer,Kei_Nishikori,181,1,1,3,1,15-40,1,28,1,0,,2,1,KN,5+ f37 z2d@,,,5+f37z2d@,,1,,5f37z2d@,,1,,1,0,5,,f37z2d@,False,False,False,False,True,False,f37z2d,f37z2,fz,2,1,0,GM,1,4,1,0,1,1,,,2
2028,20170122,Australian_Open,Roger_Federer,Kei_Nishikori,187,1,1,5,1,0-15,1,30,1,0,,2,1,KN,6 f29 f2d#,,,6f29f2d#,,0,,6f29f2d#,,1,,1,0,6,,f29f2d#,False,False,False,True,False,False,f29f2d,f29f2,ff,2,1,0,0-30,0,5,1,0,1,1,,,2
2031,20170122,Australian_Open,Roger_Federer,Kei_Nishikori,190,1,1,5,1,15-40,1,30,1,0,,2,1,KN,4 f28 s2n@,,,4f28s2n@,,0,,4f28s2n@,,1,,1,0,4,,f28s2n@,False,False,False,False,True,False,f28s2n,f28s2,fs,2,1,0,GM,1,6,1,1,2,1,,,2
2033,20170122,Australian_Open,Roger_Federer,Kei_Nishikori,192,2,1,0,0,15-0,1,31,1,0,,1,2,RF,6 f39 f3 b3 f2n#,,,6f39f3b3f2n#,,0,,6f39f3b3f2n#,,1,,1,0,6,,f39f3b3f2n#,False,False,False,True,False,False,f39f3b3f2n,f39f3b3f2,ffbf,4,2,0,15-15,0,0,0,0,2,1,,,4
2047,20170122,Australian_Open,Roger_Federer,Kei_Nishikori,206,2,1,1,1,30-15,1,33,1,0,,1,2,RF,4+ b27 i3 b-3 z2 f1 v2 b-2*,,,4+b27i3b-3z2f1v2b-2*,,1,,4b27i3b-3z2f1v2b-2*,,1,,1,0,4,,b27i3b-3z2f1v2b-2*,False,False,True,False,False,False,b27i3b3z2f1v2b2,b27i3b3z2f1v2b2,bibzfvb,7,2,0,30-30,0,1,1,0,2,1,,,8
2055,20170122,Australian_Open,Roger_Federer,Kei_Nishikori,214,2,1,2,1,40-30,1,34,1,0,,2,1,KN,4+ b37 b-3 b1*,,around the post winner,4+b37b-3b1*,,1,,4b37b-3b1*,,1,,1,0,4,,b37b-3b1*,False,False,True,False,False,False,b37b3b1,b37b3b1,bbb,3,1,0,40-40,0,2,1,0,2,1,,,4
2063,20170122,Australian_Open,Roger_Federer,Kei_Nishikori,222,2,1,2,1,AD-40,1,34,1,0,,2,1,KN,4 b18*,,,4b18*,,0,,4b18*,,1,,1,0,4,,b18*,False,False,True,False,False,False,b18,b18,b,1,1,0,40-40,0,2,1,0,2,1,,,2
2074,20170122,Australian_Open,Roger_Federer,Kei_Nishikori,233,2,1,2,2,15-40,1,35,1,0,,1,2,RF,4 r28 f+1 f3*,,,4r28f+1f3*,,0,,4r28f+1f3*,,1,,1,0,4,,r28f+1f3*,False,False,True,False,False,False,r28f1f3,r28f1f3,rff,3,2,0,GM,2,2,3,0,2,1,,,4
2087,20170122,Australian_Open,Roger_Federer,Kei_Nishikori,246,2,1,3,4,30-15,1,38,1,0,,2,1,KN,4 b27 b2 f1*,,,4b27b2f1*,,0,,4b27b2f1*,,1,,1,0,4,,b27b2f1*,False,False,True,False,False,False,b27b2f1,b27b2f1,bbf,3,1,0,30-30,0,3,4,0,2,1,,,4
2109,20170122,Australian_Open,Roger_Federer,Kei_Nishikori,268,2,2,1,0,15-30,1,42,0,0,,2,1,KN,4 s37 b3n@,,,4s37b3n@,,0,,4s37b3n@,,1,,1,0,4,,s37b3n@,False,False,False,False,True,False,s37b3n,s37b3,sb,2,1,0,15-40,0,1,0,0,2,2,,,2
2111,20170122,Australian_Open,Roger_Federer,Kei_Nishikori,270,2,2,1,0,30-40,1,42,0,0,,2,1,KN,4 s38 b1n@,,,4s38b1n@,,0,,4s38b1n@,,1,,1,0,4,,s38b1n@,False,False,False,False,True,False,s38b1n,s38b1,sb,2,1,0,GM,1,2,0,0,2,2,,,2
2137,20170122,Australian_Open,Roger_Federer,Kei_Nishikori,296,2,2,4,1,40-30,1,46,0,0,,2,1,KN,c6 f29 b3 b3 b3 f1 f3 b3 s2 f-1*,,,6f29b3b3b3f1f3b3s2f-1*,,0,,6f29b3b3b3f1f3b3s2f-1*,,1,,1,0,6,,f29b3b3b3f1f3b3s2f-1*,False,False,True,False,False,False,f29b3b3b3f1f3b3s2f1,f29b3b3b3f1f3b3s2f1,fbbbffbsf,9,1,0,40-40,0,4,1,0,2,2,,,10
2155,20160611,Stuttgart,Roger_Federer,Dominic_Thiem,2,0,0,0,0,15-0,1,1,1,0,,1,2,RF,4 b2 v1 f1*,,,4b2v1f1*,,0,,4b2v1f1*,,1,,1,0,4,,b2v1f1*,False,False,True,False,False,False,b2v1f1,b2v1f1,bvf,3,2,0,15-15,0,0,0,0,0,0,,,4
2160,20160611,Stuttgart,Roger_Federer,Dominic_Thiem,7,0,0,1,0,15-0,1,2,1,0,,2,1,DT,6 f1 f3d@,,,6f1f3d@,,0,,6f1f3d@,,1,,1,0,6,,f1f3d@,False,False,False,False,True,False,f1f3d,f1f3,ff,2,1,0,15-15,0,1,0,0,0,0,,,2
2177,20160611,Stuttgart,Roger_Federer,Dominic_Thiem,24,0,0,2,1,40-AD,1,4,1,0,,2,1,DT,6 f2 f3n#,,,6f2f3n#,,0,,6f2f3n#,,1,,1,0,6,,f2f3n#,False,False,False,True,False,False,f2f3n,f2f3,ff,2,1,0,GM,1,3,1,0,0,0,,,2
2182,20160611,Stuttgart,Roger_Federer,Dominic_Thiem,29,0,0,3,1,40-15,1,5,1,0,,1,2,RF,6 s2 f1n@,,,6s2f1n@,,0,,6s2f1n@,,1,,1,0,6,,s2f1n@,False,False,False,False,True,False,s2f1n,s2f1,sf,2,2,0,40-30,0,3,1,0,0,0,,,2
2203,20160611,Stuttgart,Roger_Federer,Dominic_Thiem,50,0,0,5,2,30-15,1,8,1,0,,2,1,DT,4 s1 v2n@,,,4s1v2n@,,0,,4s1v2n@,,1,,1,0,4,,s1v2n@,False,False,False,False,True,False,s1v2n,s1v2,sv,2,1,0,30-30,0,5,2,0,0,0,,,2
2219,20160611,Stuttgart,Roger_Federer,Dominic_Thiem,66,1,0,0,1,30-15,1,11,1,0,,1,2,RF,6 f3 b2 b2 s2 b2 z1w#,,,6f3b2b2s2b2z1w#,,0,,6f3b2b2s2b2z1w#,,1,,1,0,6,,f3b2b2s2b2z1w#,False,False,False,True,False,False,f3b2b2s2b2z1w,f3b2b2s2b2z1,fbbsbz,6,2,0,30-30,0,0,1,0,1,0,,,6
2221,20160611,Stuttgart,Roger_Federer,Dominic_Thiem,68,1,0,0,1,30-40,1,11,1,0,,1,2,RF,5 b2 f2 b2 m1 l2*,,,5b2f2b2m1l2*,,0,,5b2f2b2m1l2*,,1,,1,0,5,,b2f2b2m1l2*,False,False,True,False,False,False,b2f2b2m1l2,b2f2b2m1l2,bfbml,5,2,0,GM,2,0,2,0,1,0,,,6
2229,20160611,Stuttgart,Roger_Federer,Dominic_Thiem,76,1,0,0,3,0-15,1,13,1,0,,1,2,RF,6 f1 f3d@,,,6f1f3d@,,0,,6f1f3d@,,1,,1,0,6,,f1f3d@,False,False,False,False,True,False,f1f3d,f1f3,ff,2,2,0,0-30,0,0,3,0,1,0,,,2
2242,20160611,Stuttgart,Roger_Federer,Dominic_Thiem,89,1,0,0,5,40-0,1,15,1,0,,1,2,RF,4 s2 f1n@,,,4s2f1n@,,0,,4s2f1n@,,1,,1,0,4,,s2f1n@,False,False,False,False,True,False,s2f1n,s2f1,sf,2,2,0,40-15,0,0,5,0,1,0,,,2
2249,20160611,Stuttgart,Roger_Federer,Dominic_Thiem,96,1,0,1,5,30-40,1,16,1,0,,2,1,DT,6 f2 f2d@,,,6f2f2d@,,0,,6f2f2d@,,1,,1,0,6,,f2f2d@,False,False,False,False,True,False,f2f2d,f2f2,ff,2,1,0,GM,1,2,5,0,1,0,,,2
2251,20160611,Stuttgart,Roger_Federer,Dominic_Thiem,98,1,0,2,5,0-15,1,17,1,0,,1,2,RF,c6 f1 f1 f3 s3w#,,,6f1f1f3s3w#,,0,,6f1f1f3s3w#,,1,,1,0,6,,f1f1f3s3w#,False,False,False,True,False,False,f1f1f3s3w,f1f1f3s3,fffs,4,2,0,0-30,0,2,5,0,1,0,,,4
2259,20160611,Stuttgart,Roger_Federer,Dominic_Thiem,106,1,0,3,5,15-30,1,18,1,0,,2,1,DT,4 b2y1w@,,,4b2y1w@,,0,,4b2y1w@,,1,,1,0,4,,b2y1w@,False,False,False,False,True,False,b2y1w,b2y1,by,2,1,0,15-40,0,3,5,0,1,0,,,2
2281,20160611,Stuttgart,Roger_Federer,Dominic_Thiem,144,1,1,0,0,30-15,1,23,0,0,,1,2,RF,6 f2y1 f2 l2d#,,,6f2y1f2l2d#,,0,,6f2y1f2l2d#,,1,,1,0,6,,f2y1f2l2d#,False,False,False,True,False,False,f2y1f2l2d,f2y1f2l2,fyfl,4,2,0,30-30,0,0,0,0,1,1,,,4
2291,20160611,Stuttgart,Roger_Federer,Dominic_Thiem,154,1,1,1,0,0-15,1,24,0,0,,2,1,DT,4 f2 f3 b1 r2 f3 s1n@,,,4f2f3b1r2f3s1n@,,0,,4f2f3b1r2f3s1n@,,1,,1,0,4,,f2f3b1r2f3s1n@,False,False,False,False,True,False,f2f3b1r2f3s1n,f2f3b1r2f3s1,ffbrfs,6,1,0,0-30,0,1,0,0,1,1,,,6
2293,20160611,Stuttgart,Roger_Federer,Dominic_Thiem,156,1,1,1,0,15-30,1,24,0,0,,2,1,DT,4 s3 z1n@,,,4s3z1n@,,0,,4s3z1n@,,1,,1,0,4,,s3z1n@,False,False,False,False,True,False,s3z1n,s3z1,sz,2,1,0,15-40,0,1,0,0,1,1,,,2
2304,20160611,Stuttgart,Roger_Federer,Dominic_Thiem,167,1,1,2,1,15-0,1,26,0,0,,2,1,DT,6 f2 f2 f3 b2 z1 f1w#,,,6f2f2f3b2z1f1w#,,0,,6f2f2f3b2z1f1w#,,1,,1,0,6,,f2f2f3b2z1f1w#,False,False,False,True,False,False,f2f2f3b2z1f1w,f2f2f3b2z1f1,fffbzf,6,1,0,15-15,0,2,1,0,1,1,,,6
2320,20160611,Stuttgart,Roger_Federer,Dominic_Thiem,183,1,1,2,2,AD-40,1,27,0,0,,1,2,RF,4 b2 v2 f3*,,,4b2v2f3*,,0,,4b2v2f3*,,1,,1,0,4,,b2v2f3*,False,False,True,False,False,False,b2v2f3,b2v2f3,bvf,3,2,0,40-40,0,2,2,0,1,1,,,4
2328,20160611,Stuttgart,Roger_Federer,Dominic_Thiem,191,1,1,3,3,0-15,1,29,0,0,,1,2,RF,6 f2 b2 f3 s2 r1 b2n#,,,6f2b2f3s2r1b2n#,,0,,6f2b2f3s2r1b2n#,,1,,1,0,6,,f2b2f3s2r1b2n#,False,False,False,True,False,False,f2b2f3s2r1b2n,f2b2f3s2r1b2,fbfsrb,6,2,0,0-30,0,3,3,0,1,1,,,6
2334,20160611,Stuttgart,Roger_Federer,Dominic_Thiem,197,1,1,3,4,15-0,1,30,0,0,,2,1,DT,c6 f3 s2 z2*,,,6f3s2z2*,,0,,6f3s2z2*,,1,,1,0,6,,f3s2z2*,False,False,True,False,False,False,f3s2z2,f3s2z2,fsz,3,1,0,15-15,0,3,4,0,1,1,,,4
2341,20160611,Stuttgart,Roger_Federer,Dominic_Thiem,204,1,1,3,5,30-15,1,31,0,0,,1,2,RF,4 b2 v2n#,,,4b2v2n#,,0,,4b2v2n#,,1,,1,0,4,,b2v2n#,False,False,False,True,False,False,b2v2n,b2v2,bv,2,2,0,30-30,0,3,5,0,1,1,,,2
2370,20160126,Australian_Open,Roger_Federer,Tomas_Berdych,22,0,0,1,2,30-40,1,4,1,0,,2,1,TB,6 f38 b3 s2 f3 b1 f1 f2 b3 b2 f3d@,,,6f38b3s2f3b1f1f2b3b2f3d@,,0,,6f38b3s2f3b1f1f2b3b2f3d@,,1,,1,0,6,,f38b3s2f3b1f1f2b3b2f3d@,False,False,False,False,True,False,f38b3s2f3b1f1f2b3b2f3d,f38b3s2f3b1f1f2b3b2f3,fbsfbffbbf,10,1,0,GM,1,2,2,0,0,0,,,10
2419,20160126,Australian_Open,Roger_Federer,Tomas_Berdych,71,0,0,5,5,40-15,1,11,1,0,,1,2,RF,4 f18 f1 f2 f2 f3*,,,4f18f1f2f2f3*,,0,,4f18f1f2f2f3*,,1,,1,0,4,,f18f1f2f2f3*,False,False,True,False,False,False,f18f1f2f2f3,f18f1f2f2f3,fffff,5,2,0,40-30,0,5,5,0,0,0,,,6
2427,20160126,Australian_Open,Roger_Federer,Tomas_Berdych,90,1,0,0,0,0-15,1,14,1,0,,2,1,TB,6 f28 f3 b3 s3 b1 f3 s2 f1 f1 f1d#,,,6f28f3b3s3b1f3s2f1f1f1d#,,0,,6f28f3b3s3b1f3s2f1f1f1d#,,1,,1,0,6,,f28f3b3s3b1f3s2f1f1f1d#,False,False,False,True,False,False,f28f3b3s3b1f3s2f1f1f1d,f28f3b3s3b1f3s2f1f1f1,ffbsbfsfff,10,1,0,0-30,0,0,0,0,1,0,,,10
2431,20160126,Australian_Open,Roger_Federer,Tomas_Berdych,94,1,0,0,0,30-40,1,14,1,0,,2,1,TB,6 r27 f+3 b1*,,,6r27f+3b1*,,0,,6r27f+3b1*,,1,,1,0,6,,r27f+3b1*,False,False,True,False,False,False,r27f3b1,r27f3b1,rfb,3,1,0,GM,1,1,0,0,1,0,,,4
2438,20160126,Australian_Open,Roger_Federer,Tomas_Berdych,101,1,0,2,0,15-0,1,16,1,0,,2,1,TB,5 s27 f2d@,,Federer challenged correctly,5s27f2d@,,0,,5s27f2d@,,1,,1,0,5,,s27f2d@,False,False,False,False,True,False,s27f2d,s27f2,sf,2,1,0,15-15,0,2,0,0,1,0,,,2
2440,20160126,Australian_Open,Roger_Federer,Tomas_Berdych,103,1,0,2,0,30-15,1,16,1,0,,2,1,TB,6 f38 b3 f1*,,,6f38b3f1*,,0,,6f38b3f1*,,1,,1,0,6,,f38b3f1*,False,False,True,False,False,False,f38b3f1,f38b3f1,fbf,3,1,0,30-30,0,2,0,0,1,0,,,4
2483,20160126,Australian_Open,Roger_Federer,Tomas_Berdych,146,2,0,0,1,40-AD,1,23,1,0,,1,2,RF,6 f28 f3 b1*,,,6f28f3b1*,,0,,6f28f3b1*,,1,,1,0,6,,f28f3b1*,False,False,True,False,False,False,f28f3b1,f28f3b1,ffb,3,2,0,GM,2,0,2,0,2,0,,,4
2485,20160126,Australian_Open,Roger_Federer,Tomas_Berdych,148,2,0,0,2,15-0,1,24,1,0,,2,1,TB,4 s28 f1 r1 f1w@,,,4s28f1r1f1w@,,0,,4s28f1r1f1w@,,1,,1,0,4,,s28f1r1f1w@,False,False,False,False,True,False,s28f1r1f1w,s28f1r1f1,sfrf,4,1,0,15-15,0,0,2,0,2,0,,,4
2487,20160126,Australian_Open,Roger_Federer,Tomas_Berdych,150,2,0,0,2,30-15,1,24,1,0,,2,1,TB,6 f27 f1d@,,,6f27f1d@,,0,,6f27f1d@,,1,,1,0,6,,f27f1d@,False,False,False,False,True,False,f27f1d,f27f1,ff,2,1,0,30-30,0,0,2,0,2,0,,,2
2511,20160126,Australian_Open,Roger_Federer,Tomas_Berdych,174,2,0,3,3,15-0,1,28,1,0,,2,1,TB,4 s27 s+3 b3*,,,4s27s+3b3*,,0,,4s27s+3b3*,,1,,1,0,4,,s27s+3b3*,False,False,True,False,False,False,s27s3b3,s27s3b3,ssb,3,1,0,15-15,0,3,3,0,2,0,,,4
2528,20160126,Australian_Open,Roger_Federer,Tomas_Berdych,191,2,0,4,4,AD-40,1,30,1,0,,2,1,TB,6 f39 b2d#,,,6f39b2d#,,0,,6f39b2d#,,1,,1,0,6,,f39b2d#,False,False,False,True,False,False,f39b2d,f39b2,fb,2,1,0,40-40,0,4,4,0,2,0,,,2
2534,20160126,Australian_Open,Roger_Federer,Tomas_Berdych,197,2,0,5,4,40-0,1,31,1,0,,1,2,RF,4+ b38 z2 f1*,,,4+b38z2f1*,,1,,4b38z2f1*,,1,,1,0,4,,b38z2f1*,False,False,True,False,False,False,b38z2f1,b38z2f1,bzf,3,2,0,40-15,0,5,4,0,2,0,,,4
2546,20160120,Australian_Open,Roger_Federer_,Alexandr_Dolgopolov,11,0,0,1,0,40-30,1,2,1,0,,2,1,AD,6 f f f f r bw@,,,6ffffrbw@,,0,,6ffffrbw@,,1,,1,0,6,,ffffrbw@,False,False,False,False,True,False,ffffrbw,ffffrb,ffffrb,6,1,0,40-40,0,1,0,0,0,0,,,6
2558,20160120,Australian_Open,Roger_Federer_,Alexandr_Dolgopolov,23,0,0,2,1,40-0,1,4,1,0,,2,1,AD,5 f f f b b f#,,,5fffbbf#,,0,,5fffbbf#,,1,,1,0,5,,fffbbf#,False,False,False,True,False,False,fffbbf,fffbbf,fffbbf,6,1,0,40-15,0,2,1,0,0,0,,,6
2595,20160120,Australian_Open,Roger_Federer_,Alexandr_Dolgopolov,60,1,0,0,1,40-0,1,11,1,0,,1,2,RF,5 b s#,,,5bs#,,0,,5bs#,,1,,1,0,5,,bs#,False,False,False,True,False,False,bs,bs,bs,2,2,0,40-15,0,0,1,0,1,0,,,2
2608,20160120,Australian_Open,Roger_Federer_,Alexandr_Dolgopolov,73,1,0,2,2,15-0,1,14,1,0,,2,1,AD,4 s bw@,,,4sbw@,,0,,4sbw@,,1,,1,0,4,,sbw@,False,False,False,False,True,False,sbw,sb,sb,2,1,0,15-15,0,2,2,0,1,0,,,2
2612,20160120,Australian_Open,Roger_Federer_,Alexandr_Dolgopolov,77,1,0,2,2,40-30,1,14,1,0,,2,1,AD,4 s fn@,,,4sfn@,,0,,4sfn@,,1,,1,0,4,,sfn@,False,False,False,False,True,False,sfn,sf,sf,2,1,0,40-40,0,2,2,0,1,0,,,2
2631,20160120,Australian_Open,Roger_Federer_,Alexandr_Dolgopolov,96,1,0,3,4,15-0,1,17,1,0,,1,2,RF,6 r f f*,,,6rff*,,0,,6rff*,,1,,1,0,6,,rff*,False,False,True,False,False,False,rff,rff,rff,3,2,0,15-15,0,3,4,0,1,0,,,4
2633,20160120,Australian_Open,Roger_Federer_,Alexandr_Dolgopolov,98,1,0,3,4,30-15,1,17,1,0,,1,2,RF,5 r z f*,,,5rzf*,,0,,5rzf*,,1,,1,0,5,,rzf*,False,False,True,False,False,False,rzf,rzf,rzf,3,2,0,30-30,0,3,4,0,1,0,,,4
2648,20160120,Australian_Open,Roger_Federer_,Alexandr_Dolgopolov,113,1,0,5,5,0-15,1,20,1,0,,2,1,AD,5 s f f f b b s fw@,,,5sfffbbsfw@,,0,,5sfffbbsfw@,,1,,1,0,5,,sfffbbsfw@,False,False,False,False,True,False,sfffbbsfw,sfffbbsf,sfffbbsf,8,1,0,0-30,0,5,5,0,1,0,,,8
2656,20160120,Australian_Open,Roger_Federer_,Alexandr_Dolgopolov,121,1,0,5,5,AD-40,1,20,1,0,,2,1,AD,4 f b b f f f f f s b s sw@,,,4fbbfffffsbssw@,,0,,4fbbfffffsbssw@,,1,,1,0,4,,fbbfffffsbssw@,False,False,False,False,True,False,fbbfffffsbssw,fbbfffffsbss,fbbfffffsbss,12,1,0,40-40,0,5,5,0,1,0,,,12
2658,20160120,Australian_Open,Roger_Federer_,Alexandr_Dolgopolov,123,1,0,5,5,40-AD,1,20,1,0,,2,1,AD,4 s v#,,,4sv#,,0,,4sv#,,1,,1,0,4,,sv#,False,False,False,True,False,False,sv,sv,sv,2,1,0,GM,1,6,5,0,1,0,,,2
2680,20160120,Australian_Open,Roger_Federer_,Alexandr_Dolgopolov,145,2,0,1,1,30-40,1,24,1,0,,2,1,AD,5 s f s fn@,,,5sfsfn@,,0,,5sfsfn@,,1,,1,0,5,,sfsfn@,False,False,False,False,True,False,sfsfn,sfsf,sfsf,4,1,0,GM,1,2,1,0,2,0,,,4
2685,20160120,Australian_Open,Roger_Federer_,Alexandr_Dolgopolov,150,2,0,2,1,40-15,1,25,1,0,,1,2,RF,4 f h#,,,4fh#,,0,,4fh#,,1,,1,0,4,,fh#,False,False,False,True,False,False,fh,fh,fh,2,2,0,40-30,0,2,1,0,2,0,,,2
2692,20160120,Australian_Open,Roger_Federer_,Alexandr_Dolgopolov,157,2,0,3,1,30-40,1,26,1,0,,2,1,AD,4 s f f fd@,,,4sfffd@,,0,,4sfffd@,,1,,1,0,4,,sfffd@,False,False,False,False,True,False,sfffd,sfff,sfff,4,1,0,GM,1,4,1,0,2,0,,,4
2704,20160120,Australian_Open,Roger_Federer_,Alexandr_Dolgopolov,169,2,0,5,1,30-40,1,28,1,0,,2,1,AD,5 r b b*,,,5rbb*,,0,,5rbb*,,1,,1,0,5,,rbb*,False,False,True,False,False,False,rbb,rbb,rbb,3,1,0,GM,1,6,1,1,3,0,,,4
2717,20160110,Brisbane,Roger_Federer,Milos_Raonic,13,0,0,1,1,15-0,1,3,1,0,,1,2,RF,4 b38 b1w@,,,4b38b1w@,,0,,4b38b1w@,,1,,1,0,4,,b38b1w@,False,False,False,False,True,False,b38b1w,b38b1,bb,2,2,0,15-15,0,1,1,0,0,0,,,2
2720,20160110,Brisbane,Roger_Federer,Milos_Raonic,16,0,0,1,1,40-15,1,3,1,0,,1,2,RF,5 f29 f3 b3 b2n#,,,5f29f3b3b2n#,,0,,5f29f3b3b2n#,,1,,1,0,5,,f29f3b3b2n#,False,False,False,True,False,False,f29f3b3b2n,f29f3b3b2,ffbb,4,2,0,40-30,0,1,1,0,0,0,,,4
2752,20160110,Brisbane,Roger_Federer,Milos_Raonic,48,0,0,4,3,30-15,1,8,1,0,,2,1,MR,5+ s17 f-3d@,,,5+s17f-3d@,,1,,5s17f-3d@,,1,,1,0,5,,s17f-3d@,False,False,False,False,True,False,s17f3d,s17f3,sf,2,1,0,30-30,0,4,3,0,0,0,,,2
2766,20160110,Brisbane,Roger_Federer,Milos_Raonic,62,0,0,4,5,30-15,1,10,1,0,,2,1,MR,6+ f2 h3 b1*,,,6+f2h3b1*,,1,,6f2h3b1*,,1,,1,0,6,,f2h3b1*,False,False,True,False,False,False,f2h3b1,f2h3b1,fhb,3,1,0,30-30,0,4,5,0,0,0,,,4
2801,20160110,Brisbane,Roger_Federer,Milos_Raonic,97,0,1,3,2,15-0,1,16,1,0,,2,1,MR,5 s28 f3w@,,,5s28f3w@,,0,,5s28f3w@,,1,,1,0,5,,s28f3w@,False,False,False,False,True,False,s28f3w,s28f3,sf,2,1,0,15-15,0,3,2,0,0,1,,,2
2808,20160110,Brisbane,Roger_Federer,Milos_Raonic,104,0,1,3,3,30-15,1,17,1,0,,1,2,RF,4 b28 f2 f3 s3 f3 b2n#,,,4b28f2f3s3f3b2n#,,0,,4b28f2f3s3f3b2n#,,1,,1,0,4,,b28f2f3s3f3b2n#,False,False,False,True,False,False,b28f2f3s3f3b2n,b28f2f3s3f3b2,bffsfb,6,2,0,30-30,0,3,3,0,0,1,,,6
2810,20160110,Brisbane,Roger_Federer,Milos_Raonic,106,0,1,3,3,30-40,1,17,1,0,,1,2,RF,6 f28 f1 f1 f1 f3 s2n#,,,6f28f1f1f1f3s2n#,,0,,6f28f1f1f1f3s2n#,,1,,1,0,6,,f28f1f1f1f3s2n#,False,False,False,True,False,False,f28f1f1f1f3s2n,f28f1f1f1f3s2,fffffs,6,2,0,GM,2,3,4,0,0,1,,,6
2820,20160110,Brisbane,Roger_Federer,Milos_Raonic,116,0,1,4,5,15-0,1,20,1,0,,2,1,MR,4 s29 f3w@,,,4s29f3w@,,0,,4s29f3w@,,1,,1,0,4,,s29f3w@,False,False,False,False,True,False,s29f3w,s29f3,sf,2,1,0,15-15,0,4,5,0,0,1,,,2
2834,20160109,Brisbane,Roger_Federer,Dominic_Thiem,10,0,0,1,0,15-30,1,2,1,0,,2,1,DT,4 s37 f1 r2 f1 f2 f3 b2 f2 f2 f2 f2 f2 b3 b3n#,,,4s37f1r2f1f2f3b2f2f2f2f2f2b3b3n#,,0,,4s37f1r2f1f2f3b2f2f2f2f2f2b3b3n#,,1,,1,0,4,,s37f1r2f1f2f3b2f2f2f2f2f2b3b3n#,False,False,False,True,False,False,s37f1r2f1f2f3b2f2f2f2f2f2b3b3n,s37f1r2f1f2f3b2f2f2f2f2f2b3b3,sfrfffbfffffbb,14,1,0,15-40,0,1,0,0,0,0,,,14
2839,20160109,Brisbane,Roger_Federer,Dominic_Thiem,15,0,0,2,0,40-0,1,3,1,0,,1,2,RF,4+ s27 f-3 m3 t1 v1*,,,4+s27f-3m3t1v1*,,1,,4s27f-3m3t1v1*,,1,,1,0,4,,s27f-3m3t1v1*,False,False,True,False,False,False,s27f3m3t1v1,s27f3m3t1v1,sfmtv,5,2,0,40-15,0,2,0,0,0,0,,,6
2869,20160109,Brisbane,Roger_Federer,Dominic_Thiem,45,1,0,0,0,15-30,1,8,1,0,,2,1,DT,4 s39 f3w@,,,4s39f3w@,,0,,4s39f3w@,,1,,1,0,4,,s39f3w@,False,False,False,False,True,False,s39f3w,s39f3,sf,2,1,0,15-40,0,0,0,0,1,0,,,2
2900,20160109,Brisbane,Roger_Federer,Dominic_Thiem,76,1,0,3,3,0-15,1,14,1,0,,2,1,DT,6 f28 b1w@,,,6f28b1w@,,0,,6f28b1w@,,1,,1,0,6,,f28b1w@,False,False,False,False,True,False,f28b1w,f28b1,fb,2,1,0,0-30,0,3,3,0,1,0,,,2
2903,20160109,Brisbane,Roger_Federer,Dominic_Thiem,79,1,0,3,3,15-40,1,14,1,0,,2,1,DT,6 b29 b3n@,,,6b29b3n@,,0,,6b29b3n@,,1,,1,0,6,,b29b3n@,False,False,False,False,True,False,b29b3n,b29b3,bb,2,1,0,GM,1,4,3,0,1,0,,,2
2911,20160109,Brisbane,Roger_Federer,Dominic_Thiem,87,1,0,5,3,30-15,1,16,1,0,,2,1,DT,4 s37 b1w@,,,4s37b1w@,,0,,4s37b1w@,,1,,1,0,4,,s37b1w@,False,False,False,False,True,False,s37b1w,s37b1,sb,2,1,0,30-30,0,5,3,0,1,0,,,2
2913,20160109,Brisbane,Roger_Federer,Dominic_Thiem,89,1,0,5,3,40-30,1,16,1,0,,2,1,DT,4 s29 f1 f1 f2d@,,,4s29f1f1f2d@,,0,,4s29f1f1f2d@,,1,,1,0,4,,s29f1f1f2d@,False,False,False,False,True,False,s29f1f1f2d,s29f1f1f2,sfff,4,1,0,40-40,0,5,3,0,1,0,,,4
2936,20160108,Brisbane,Roger_Federer,Grigor_Dimitrov,8,0,0,1,0,40-0,1,2,1,0,,2,1,GD,6 f2 z2n#,,,6f2z2n#,,0,,6f2z2n#,,1,,1,0,6,,f2z2n#,False,False,False,True,False,False,f2z2n,f2z2,fz,2,1,0,40-15,0,1,0,0,0,0,,,2
2945,20160108,Brisbane,Roger_Federer,Grigor_Dimitrov,17,0,0,2,1,30-15,1,4,1,0,,2,1,GD,5 f2 s2 f3 b2 f2 f2 f2 b2 f3 s2n#,,,5f2s2f3b2f2f2f2b2f3s2n#,,0,,5f2s2f3b2f2f2f2b2f3s2n#,,1,,1,0,5,,f2s2f3b2f2f2f2b2f3s2n#,False,False,False,True,False,False,f2s2f3b2f2f2f2b2f3s2n,f2s2f3b2f2f2f2b2f3s2,fsfbfffbfs,10,1,0,30-30,0,2,1,0,0,0,,,10
2953,20160108,Brisbane,Roger_Federer,Grigor_Dimitrov,25,0,0,3,2,15-0,1,6,1,0,,2,1,GD,6 f3 s2 f3 f1 f1 f2d#,,,6f3s2f3f1f1f2d#,,0,,6f3s2f3f1f1f2d#,,1,,1,0,6,,f3s2f3f1f1f2d#,False,False,False,True,False,False,f3s2f3f1f1f2d,f3s2f3f1f1f2,fsffff,6,1,0,15-15,0,3,2,0,0,0,,,6
2983,20160108,Brisbane,Roger_Federer,Grigor_Dimitrov,55,0,0,5,4,40-AD,1,10,1,0,,2,1,GD,c5 r2 f3 b2u2 f1 f3n@,,,5r2f3b2u2f1f3n@,,0,,5r2f3b2u2f1f3n@,,1,,1,0,5,,r2f3b2u2f1f3n@,False,False,False,False,True,False,r2f3b2u2f1f3n,r2f3b2u2f1f3,rfbuff,6,1,0,GM,1,6,4,1,1,0,,,6
2991,20160108,Brisbane,Roger_Federer,Grigor_Dimitrov,63,1,0,1,0,40-0,1,12,1,0,,2,1,GD,4 b2 b2n@,,,4b2b2n@,,0,,4b2b2n@,,1,,1,0,4,,b2b2n@,False,False,False,False,True,False,b2b2n,b2b2,bb,2,1,0,40-15,0,1,0,0,1,0,,,2
2992,20160108,Brisbane,Roger_Federer,Grigor_Dimitrov,64,1,0,1,0,40-15,1,12,1,0,,2,1,GD,c4 f2 f2 f1 f1n#,,,4f2f2f1f1n#,,0,,4f2f2f1f1n#,,1,,1,0,4,,f2f2f1f1n#,False,False,False,True,False,False,f2f2f1f1n,f2f2f1f1,ffff,4,1,0,40-30,0,1,0,0,1,0,,,4
2999,20160108,Brisbane,Roger_Federer,Grigor_Dimitrov,71,1,0,1,1,40-30,1,13,1,0,,1,2,RF,4 b1*,,,4b1*,,0,,4b1*,,1,,1,0,4,,b1*,False,False,True,False,False,False,b1,b1,b,1,2,0,40-40,0,1,1,0,1,0,,,2
3046,20160108,Brisbane,Roger_Federer,Grigor_Dimitrov,118,1,0,5,5,15-0,1,21,1,0,,1,2,RF,4 b2 v1w#,,,4b2v1w#,,0,,4b2v1w#,,1,,1,0,4,,b2v1w#,False,False,False,True,False,False,b2v1w,b2v1,bv,2,2,0,15-15,0,5,5,0,1,0,,,2
3070,20160108,Brisbane,Roger_Federer,Grigor_Dimitrov,153,1,1,1,2,40-0,1,27,1,0,,1,2,RF,6 f3 b2 b2 f3w@,,,6f3b2b2f3w@,,0,,6f3b2b2f3w@,,1,,1,0,6,,f3b2b2f3w@,False,False,False,False,True,False,f3b2b2f3w,f3b2b2f3,fbbf,4,2,0,40-15,0,1,2,0,1,1,,,4
3075,20160108,Brisbane,Roger_Federer,Grigor_Dimitrov,158,1,1,2,2,15-30,1,28,1,0,,2,1,GD,4 s2 f1d@,,,4s2f1d@,,0,,4s2f1d@,,1,,1,0,4,,s2f1d@,False,False,False,False,True,False,s2f1d,s2f1,sf,2,1,0,15-40,0,2,2,0,1,1,,,2
3083,20160108,Brisbane,Roger_Federer,Grigor_Dimitrov,166,1,1,4,2,0-15,1,30,1,0,,2,1,GD,6 f2 f3w@,,,6f2f3w@,,0,,6f2f3w@,,1,,1,0,6,,f2f3w@,False,False,False,False,True,False,f2f3w,f2f3,ff,2,1,0,0-30,0,4,2,0,1,1,,,2
3089,20160108,Brisbane,Roger_Federer,Grigor_Dimitrov,172,1,1,4,3,15-0,1,31,1,0,,1,2,RF,6 f2 f2 f1 f2n@,,,6f2f2f1f2n@,,0,,6f2f2f1f2n@,,1,,1,0,6,,f2f2f1f2n@,False,False,False,False,True,False,f2f2f1f2n,f2f2f1f2,ffff,4,2,0,15-15,0,4,3,0,1,1,,,4
3094,20160108,Brisbane,Roger_Federer,Grigor_Dimitrov,177,1,1,5,3,0-15,1,32,1,0,,2,1,GD,6 f2 f3x@,,,6f2f3x@,,0,,6f2f3x@,,1,,1,0,6,,f2f3x@,False,False,False,False,True,False,f2f3x,f2f3,ff,2,1,0,0-30,0,5,3,0,1,1,,,2
3108,20151122,Tour_Finals,Roger_Federer,Novak_Djokovic,4,0,0,0,0,30-15,1,1,1,0,,1,2,RF,c4 b38 b1 f1 f1 f2 f3n@,,,4b38b1f1f1f2f3n@,,0,,4b38b1f1f1f2f3n@,,1,,1,0,4,,b38b1f1f1f2f3n@,False,False,False,False,True,False,b38b1f1f1f2f3n,b38b1f1f1f2f3,bbffff,6,2,0,30-30,0,0,0,0,0,0,,,6
3116,20151122,Tour_Finals,Roger_Federer,Novak_Djokovic,12,0,0,1,0,30-15,1,2,1,0,,2,1,ND,4 b39 b3 s2 f1w@,,,4b39b3s2f1w@,,0,,4b39b3s2f1w@,,1,,1,0,4,,b39b3s2f1w@,False,False,False,False,True,False,b39b3s2f1w,b39b3s2f1,bbsf,4,1,0,30-30,0,1,0,0,0,0,,,4
3126,20151122,Tour_Finals,Roger_Federer,Novak_Djokovic,22,0,0,1,1,30-40,1,3,1,0,,1,2,RF,6 f39 f;1 f1 f2 f1 f2 f2 f1n@,,,6f39f;1f1f2f1f2f2f1n@,,0,,6f39f;1f1f2f1f2f2f1n@,,1,,1,0,6,,f39f;1f1f2f1f2f2f1n@,False,False,False,False,True,False,f39f1f1f2f1f2f2f1n,f39f1f1f2f1f2f2f1,ffffffff,8,2,0,GM,2,1,2,0,0,0,,,8
3130,20151122,Tour_Finals,Roger_Federer,Novak_Djokovic,26,0,0,1,2,30-15,1,4,1,0,,2,1,ND,4 b38 b3 b2 f1 f3 b2d@,,,4b38b3b2f1f3b2d@,,0,,4b38b3b2f1f3b2d@,,1,,1,0,4,,b38b3b2f1f3b2d@,False,False,False,False,True,False,b38b3b2f1f3b2d,b38b3b2f1f3b2,bbbffb,6,1,0,30-30,0,1,2,0,0,0,,,6
3138,20151122,Tour_Finals,Roger_Federer,Novak_Djokovic,34,0,0,2,3,0-15,1,6,1,0,,2,1,ND,6 f29 b3 b2 b3n@,,,6f29b3b2b3n@,,0,,6f29b3b2b3n@,,1,,1,0,6,,f29b3b2b3n@,False,False,False,False,True,False,f29b3b2b3n,f29b3b2b3,fbbb,4,1,0,0-30,0,2,3,0,0,0,,,4
3156,20151122,Tour_Finals,Roger_Federer,Novak_Djokovic,52,0,0,3,4,30-15,1,8,1,0,,2,1,ND,4 s39 b3 b2 f1 f1 f1 f3 b3 s3 b3 s2 f1w@,,,4s39b3b2f1f1f1f3b3s3b3s2f1w@,,0,,4s39b3b2f1f1f1f3b3s3b3s2f1w@,,1,,1,0,4,,s39b3b2f1f1f1f3b3s3b3s2f1w@,False,False,False,False,True,False,s39b3b2f1f1f1f3b3s3b3s2f1w,s39b3b2f1f1f1f3b3s3b3s2f1,sbbffffbsbsf,12,1,0,30-30,0,3,4,0,0,0,,,12
3160,20151122,Tour_Finals,Roger_Federer,Novak_Djokovic,56,0,0,3,5,15-0,1,9,1,0,,1,2,RF,4 b39 b3 f2 f1 f1 f2 f3 s3d@,,,4b39b3f2f1f1f2f3s3d@,,0,,4b39b3f2f1f1f2f3s3d@,,1,,1,0,4,,b39b3f2f1f1f2f3s3d@,False,False,False,False,True,False,b39b3f2f1f1f2f3s3d,b39b3f2f1f1f2f3s3,bbfffffs,8,2,0,15-15,0,3,5,0,0,0,,,8
3169,20151122,Tour_Finals,Roger_Federer,Novak_Djokovic,65,0,1,0,0,40-15,1,10,1,0,,2,1,ND,c6 b39 b2 f1*,,,6b39b2f1*,,0,,6b39b2f1*,,1,,1,0,6,,b39b2f1*,False,False,True,False,False,False,b39b2f1,b39b2f1,bbf,3,1,0,40-30,0,0,0,0,0,1,,,4
3180,20151122,Tour_Finals,Roger_Federer,Novak_Djokovic,76,0,1,1,1,40-15,1,12,1,0,,2,1,ND,6 s29 f1 f1 f2 s3 b1 f3 b2 s3 b1 f1 f2 f3*,,,6s29f1f1f2s3b1f3b2s3b1f1f2f3*,,0,,6s29f1f1f2s3b1f3b2s3b1f1f2f3*,,1,,1,0,6,,s29f1f1f2s3b1f3b2s3b1f1f2f3*,False,False,True,False,False,False,s29f1f1f2s3b1f3b2s3b1f1f2f3,s29f1f1f2s3b1f3b2s3b1f1f2f3,sfffsbfbsbfff,13,1,0,40-30,0,1,1,0,0,1,,,14
3203,20151122,Tour_Finals,Roger_Federer,Novak_Djokovic,99,0,1,3,4,0-15,1,17,1,0,,1,2,RF,4 s27 f+1 f1*,,,4s27f+1f1*,,0,,4s27f+1f1*,,1,,1,0,4,,s27f+1f1*,False,False,True,False,False,False,s27f1f1,s27f1f1,sff,3,2,0,0-30,0,3,4,0,0,1,,,4
3217,20151122,Tour_Finals,Roger_Federer,Novak_Djokovic,113,0,1,4,5,15-30,1,19,1,0,,1,2,RF,6 f37 b+3 b3 z#,,,6f37b+3b3z#,,0,,6f37b+3b3z#,,1,,1,0,6,,f37b+3b3z#,False,False,False,True,False,False,f37b3b3z,f37b3b3z,fbbz,4,2,0,15-40,0,4,5,0,0,1,,,4
3231,20151121,Tour_Finals,Roger_Federer,Stanislas_Wawrinka,12,0,0,1,1,40-0,1,3,1,0,,1,2,RF,4 b27 f+3 b1*,,,4b27f+3b1*,,0,,4b27f+3b1*,,1,,1,0,4,,b27f+3b1*,False,False,True,False,False,False,b27f3b1,b27f3b1,bfb,3,2,0,40-15,0,1,1,0,0,0,,,4
3247,20151121,Tour_Finals,Roger_Federer,Stanislas_Wawrinka,28,0,0,2,2,40-30,1,5,1,0,,1,2,RF,6 f28 f1w@,,,6f28f1w@,,0,,6f28f1w@,,1,,1,0,6,,f28f1w@,False,False,False,False,True,False,f28f1w,f28f1,ff,2,2,0,40-40,0,2,2,0,0,0,,,2
3249,20151121,Tour_Finals,Roger_Federer,Stanislas_Wawrinka,30,0,0,2,2,40-AD,1,5,1,0,,1,2,RF,4 s38 f3 s2 f+3n@,,,4s38f3s2f+3n@,,0,,4s38f3s2f+3n@,,1,,1,0,4,,s38f3s2f+3n@,False,False,False,False,True,False,s38f3s2f3n,s38f3s2f3,sfsf,4,2,0,GM,2,2,3,0,0,0,,,4
3256,20151121,Tour_Finals,Roger_Federer,Stanislas_Wawrinka,37,0,0,2,4,15-0,1,7,1,0,,1,2,RF,4+ s27 i#,,,4+s27i#,,1,,4s27i#,,1,,1,0,4,,s27i#,False,False,False,True,False,False,s27i,s27i,si,2,2,0,15-15,0,2,4,0,0,0,,,2
3282,20151121,Tour_Finals,Roger_Federer,Stanislas_Wawrinka,63,0,0,6,5,15-30,1,12,1,0,,2,1,SW,6 f27 f+1 f1*,,,6f27f+1f1*,,0,,6f27f+1f1*,,1,,1,0,6,,f27f+1f1*,False,False,True,False,False,False,f27f1f1,f27f1f1,fff,3,1,0,15-40,0,6,5,0,0,0,,,4
3283,20151121,Tour_Finals,Roger_Federer,Stanislas_Wawrinka,64,0,0,6,5,15-40,1,12,1,0,,2,1,SW,4 s27 f+1 f1 v#,,,4s27f+1f1v#,,0,,4s27f+1f1v#,,1,,1,0,4,,s27f+1f1v#,False,False,False,True,False,False,s27f1f1v,s27f1f1v,sffv,4,1,0,GM,1,7,5,1,1,0,,,4
3291,20151121,Tour_Finals,Roger_Federer,Stanislas_Wawrinka,72,1,0,1,0,15-0,1,14,1,0,,2,1,SW,6 f28 f1 f+3 b2 v3 b1 v1*,,,6f28f1f+3b2v3b1v1*,,0,,6f28f1f+3b2v3b1v1*,,1,,1,0,6,,f28f1f+3b2v3b1v1*,False,False,True,False,False,False,f28f1f3b2v3b1v1,f28f1f3b2v3b1v1,fffbvbv,7,1,0,15-15,0,1,0,0,1,0,,,8
3295,20151121,Tour_Finals,Roger_Federer,Stanislas_Wawrinka,76,1,0,1,0,30-40,1,14,1,0,,2,1,SW,5 s28 f1n@,,,5s28f1n@,,0,,5s28f1n@,,1,,1,0,5,,s28f1n@,False,False,False,False,True,False,s28f1n,s28f1,sf,2,1,0,GM,1,2,0,0,1,0,,,2
3300,20151121,Tour_Finals,Roger_Federer,Stanislas_Wawrinka,81,1,0,2,0,40-15,1,15,1,0,,1,2,RF,4+ f17 v2 b3*,,,4+f17v2b3*,,1,,4f17v2b3*,,1,,1,0,4,,f17v2b3*,False,False,True,False,False,False,f17v2b3,f17v2b3,fvb,3,2,0,40-30,0,2,0,0,1,0,,,4
3301,20151121,Tour_Finals,Roger_Federer,Stanislas_Wawrinka,82,1,0,2,0,40-30,1,15,1,0,,1,2,RF,4 s29 f1n@,,,4s29f1n@,,0,,4s29f1n@,,1,,1,0,4,,s29f1n@,False,False,False,False,True,False,s29f1n,s29f1,sf,2,2,0,40-40,0,2,0,0,1,0,,,2
3317,20151121,Tour_Finals,Roger_Federer,Stanislas_Wawrinka,98,1,0,3,1,30-15,1,17,1,0,,1,2,RF,6+ f37 i2n#,,,6+f37i2n#,,1,,6f37i2n#,,1,,1,0,6,,f37i2n#,False,False,False,True,False,False,f37i2n,f37i2,fi,2,2,0,30-30,0,3,1,0,1,0,,,2
3336,20151121,Tour_Finals,Roger_Federer,Stanislas_Wawrinka,117,1,0,5,2,AD-40,1,20,1,0,,2,1,SW,4 b28 b3 b2 b3 b3 s3 s1 f+3 s2 z3 s1*,,,4b28b3b2b3b3s3s1f+3s2z3s1*,,0,,4b28b3b2b3b3s3s1f+3s2z3s1*,,1,,1,0,4,,b28b3b2b3b3s3s1f+3s2z3s1*,False,False,True,False,False,False,b28b3b2b3b3s3s1f3s2z3s1,b28b3b2b3b3s3s1f3s2z3s1,bbbbbssfszs,11,1,0,40-40,0,5,2,0,1,0,,,12
3340,20151121,Tour_Finals,Roger_Federer,Stanislas_Wawrinka,121,1,0,5,2,AD-40,1,20,1,0,,2,1,SW,6 f29 f2 f+3 m3 o2 f2 f3 o=3n@,,,6f29f2f+3m3o2f2f3o=3n@,,0,,6f29f2f+3m3o2f2f3o=3n@,,1,,1,0,6,,f29f2f+3m3o2f2f3o=3n@,False,False,False,False,True,False,f29f2f3m3o2f2f3o3n,f29f2f3m3o2f2f3o3,fffmoffo,8,1,0,40-40,0,5,2,0,1,0,,,8
3351,20151119,Tour_Finals,Roger_Federer,Kei_Nishikori,5,0,0,0,0,40-15,1,1,1,0,,1,2,RF,4 f29 f1 f1 f3w@,,,4f29f1f1f3w@,,0,,4f29f1f1f3w@,,1,,1,0,4,,f29f1f1f3w@,False,False,False,False,True,False,f29f1f1f3w,f29f1f1f3,ffff,4,2,0,40-30,0,0,0,0,0,0,,,4
3356,20151119,Tour_Finals,Roger_Federer,Kei_Nishikori,10,0,0,1,0,30-15,1,2,1,0,,2,1,KN,6 f28 f2 b2 b3 s3 s;+3 b3 z1n#,,,6f28f2b2b3s3s;+3b3z1n#,,0,,6f28f2b2b3s3s;+3b3z1n#,,1,,1,0,6,,f28f2b2b3s3s;+3b3z1n#,False,False,False,True,False,False,f28f2b2b3s3s3b3z1n,f28f2b2b3s3s3b3z1,ffbbssbz,8,1,0,30-30,0,1,0,0,0,0,,,8
3370,20151119,Tour_Finals,Roger_Federer,Kei_Nishikori,24,0,0,2,1,30-40,1,4,1,0,,2,1,KN,6 f38 b3 b2 f2 f3 b3 b3 b3 b2 f3 s3 b3w@,,,6f38b3b2f2f3b3b3b3b2f3s3b3w@,,0,,6f38b3b2f2f3b3b3b3b2f3s3b3w@,,1,,1,0,6,,f38b3b2f2f3b3b3b3b2f3s3b3w@,False,False,False,False,True,False,f38b3b2f2f3b3b3b3b2f3s3b3w,f38b3b2f2f3b3b3b3b2f3s3b3,fbbffbbbbfsb,12,1,0,GM,1,3,1,0,0,0,,,12
3378,20151119,Tour_Finals,Roger_Federer,Kei_Nishikori,32,0,0,3,1,40-AD,1,5,1,0,,1,2,RF,4+ b27 v1n#,,,4+b27v1n#,,1,,4b27v1n#,,1,,1,0,4,,b27v1n#,False,False,False,True,False,False,b27v1n,b27v1,bv,2,2,0,GM,2,3,2,0,0,0,,,2
3383,20151119,Tour_Finals,Roger_Federer,Kei_Nishikori,37,0,0,3,2,40-15,1,6,1,0,,2,1,KN,4 f19 f2d#,,,4f19f2d#,,0,,4f19f2d#,,1,,1,0,4,,f19f2d#,False,False,False,True,False,False,f19f2d,f19f2,ff,2,1,0,40-30,0,3,2,0,0,0,,,2
3389,20151119,Tour_Finals,Roger_Federer,Kei_Nishikori,43,0,0,3,3,15-40,1,7,1,0,,1,2,RF,4 f29 f2 b3 b3 f3*,,,4f29f2b3b3f3*,,0,,4f29f2b3b3f3*,,1,,1,0,4,,f29f2b3b3f3*,False,False,True,False,False,False,f29f2b3b3f3,f29f2b3b3f3,ffbbf,5,2,0,GM,2,3,4,0,0,0,,,6
3418,20151119,Tour_Finals,Roger_Federer,Kei_Nishikori,72,0,0,6,5,40-30,1,12,1,0,,2,1,KN,4 b37 b3 f1 f2 f3 b3 b1 f3 b3 b3y1 r2 j3 z3 z3 z3 b1*,,,4b37b3f1f2f3b3b1f3b3b3y1r2j3z3z3z3b1*,,0,,4b37b3f1f2f3b3b1f3b3b3y1r2j3z3z3z3b1*,,1,,1,0,4,,b37b3f1f2f3b3b1f3b3b3y1r2j3z3z3z3b1*,False,False,True,False,False,False,b37b3f1f2f3b3b1f3b3b3y1r2j3z3z3z3b1,b37b3f1f2f3b3b1f3b3b3y1r2j3z3z3z3b1,bbfffbbfbbyrjzzzb,17,1,0,40-40,0,6,5,0,0,0,,,18
3420,20151119,Tour_Finals,Roger_Federer,Kei_Nishikori,74,0,0,6,5,40-AD,1,12,1,0,,2,1,KN,4 s38 s3 s+3 b1n@,,,4s38s3s+3b1n@,,0,,4s38s3s+3b1n@,,1,,1,0,4,,s38s3s+3b1n@,False,False,False,False,True,False,s38s3s3b1n,s38s3s3b1,sssb,4,1,0,GM,1,7,5,1,1,0,,,4
3435,20151119,Tour_Finals,Roger_Federer,Kei_Nishikori,89,1,0,2,1,0-15,1,16,1,0,,2,1,KN,6 f38 b2n@,,,6f38b2n@,,0,,6f38b2n@,,1,,1,0,6,,f38b2n@,False,False,False,False,True,False,f38b2n,f38b2,fb,2,1,0,0-30,0,2,1,0,1,0,,,2
3446,20151119,Tour_Finals,Roger_Federer,Kei_Nishikori,100,1,0,4,1,30-15,1,18,1,0,,2,1,KN,6 f+38 s1 v3 b3 z1*,,,6f+38s1v3b3z1*,,0,,6f+38s1v3b3z1*,,1,,1,0,6,,f+38s1v3b3z1*,False,False,True,False,False,False,f38s1v3b3z1,f38s1v3b3z1,fsvbz,5,1,0,30-30,0,4,1,0,1,0,,,6
3495,20151119,Tour_Finals,Roger_Federer,Kei_Nishikori,149,1,1,2,1,AD-40,1,26,1,0,,2,1,KN,5 f28 f1w@,,,5f28f1w@,,0,,5f28f1w@,,1,,1,0,5,,f28f1w@,False,False,False,False,True,False,f28f1w,f28f1,ff,2,1,0,40-40,0,2,1,0,1,1,,,2
3505,20151119,Tour_Finals,Roger_Federer,Kei_Nishikori,159,1,1,4,1,15-0,1,28,1,0,,2,1,KN,4+ b38*,,,4+b38*,,1,,4b38*,,1,,1,0,4,,b38*,False,False,True,False,False,False,b38,b38,b,1,1,0,15-15,0,4,1,0,1,1,,,2
3517,20151119,Tour_Finals,Roger_Federer,Kei_Nishikori,171,1,1,4,2,AD-40,1,29,1,0,,1,2,RF,6 f27 f3 b3 b2 f1 f1 f1*,,,6f27f3b3b2f1f1f1*,,0,,6f27f3b3b2f1f1f1*,,1,,1,0,6,,f27f3b3b2f1f1f1*,False,False,True,False,False,False,f27f3b3b2f1f1f1,f27f3b3b2f1f1f1,ffbbfff,7,2,0,40-40,0,4,2,0,1,1,,,8
3537,20151117,Tour_Finals,Roger_Federer,Novak_Djokovic,2,0,0,0,0,15-0,1,1,1,0,,1,2,RF,4 b28 f3 b2 r+1 f3 z3w#,,,4b28f3b2r+1f3z3w#,,0,,4b28f3b2r+1f3z3w#,,1,,1,0,4,,b28f3b2r+1f3z3w#,False,False,False,True,False,False,b28f3b2r1f3z3w,b28f3b2r1f3z3,bfbrfz,6,2,0,15-15,0,0,0,0,0,0,,,6
3539,20151117,Tour_Finals,Roger_Federer,Novak_Djokovic,4,0,0,0,0,30-15,1,1,1,0,,1,2,RF,6 f29 f1 f1 f1 f2 b2 f1 f1 f1 f1d@,,,6f29f1f1f1f2b2f1f1f1f1d@,,0,,6f29f1f1f1f2b2f1f1f1f1d@,,1,,1,0,6,,f29f1f1f1f2b2f1f1f1f1d@,False,False,False,False,True,False,f29f1f1f1f2b2f1f1f1f1d,f29f1f1f1f2b2f1f1f1f1,fffffbffff,10,2,0,30-30,0,0,0,0,0,0,,,10
3559,20151117,Tour_Finals,Roger_Federer,Novak_Djokovic,24,0,0,2,1,40-0,1,4,1,0,,2,1,ND,4 b38 b3w@,,,4b38b3w@,,0,,4b38b3w@,,1,,1,0,4,,b38b3w@,False,False,False,False,True,False,b38b3w,b38b3,bb,2,1,0,40-15,0,2,1,0,0,0,,,2
3564,20151117,Tour_Finals,Roger_Federer,Novak_Djokovic,29,0,0,2,2,40-0,1,5,1,0,,1,2,RF,4 b38 b3w@,,,4b38b3w@,,0,,4b38b3w@,,1,,1,0,4,,b38b3w@,False,False,False,False,True,False,b38b3w,b38b3,bb,2,2,0,40-15,0,2,2,0,0,0,,,2
3565,20151117,Tour_Finals,Roger_Federer,Novak_Djokovic,30,0,0,2,2,40-15,1,5,1,0,,1,2,RF,6+ b37*,,,6+b37*,,1,,6b37*,,1,,1,0,6,,b37*,False,False,True,False,False,False,b37,b37,b,1,2,0,40-30,0,2,2,0,0,0,,,2
3599,20151117,Tour_Finals,Roger_Federer,Novak_Djokovic,64,0,0,6,5,30-15,1,12,1,0,,2,1,ND,4 b29 f2 f1 f1 f+3 b3d#,,,4b29f2f1f1f+3b3d#,,0,,4b29f2f1f1f+3b3d#,,1,,1,0,4,,b29f2f1f1f+3b3d#,False,False,False,True,False,False,b29f2f1f1f3b3d,b29f2f1f1f3b3,bffffb,6,1,0,30-30,0,6,5,0,0,0,,,6
3603,20151117,Tour_Finals,Roger_Federer,Novak_Djokovic,68,0,0,6,5,AD-40,1,12,1,0,,2,1,ND,6 f38 b2 f1 f1 f1 f1n#,,,6f38b2f1f1f1f1n#,,0,,6f38b2f1f1f1f1n#,,1,,1,0,6,,f38b2f1f1f1f1n#,False,False,False,True,False,False,f38b2f1f1f1f1n,f38b2f1f1f1f1,fbffff,6,1,0,40-40,0,6,5,0,0,0,,,6
3607,20151117,Tour_Finals,Roger_Federer,Novak_Djokovic,72,1,0,0,0,15-0,1,13,1,0,,1,2,RF,4+ b37 h2 r1*,,,4+b37h2r1*,,1,,4b37h2r1*,,1,,1,0,4,,b37h2r1*,False,False,True,False,False,False,b37h2r1,b37h2r1,bhr,3,2,0,15-15,0,0,0,0,1,0,,,4
3612,20151117,Tour_Finals,Roger_Federer,Novak_Djokovic,77,1,0,1,0,0-15,1,14,1,0,,2,1,ND,4 b28 b1 f3 b3 b2 f2d@,,,4b28b1f3b3b2f2d@,,0,,4b28b1f3b3b2f2d@,,1,,1,0,4,,b28b1f3b3b2f2d@,False,False,False,False,True,False,b28b1f3b3b2f2d,b28b1f3b3b2f2,bbfbbf,6,1,0,0-30,0,1,0,0,1,0,,,6
3616,20151117,Tour_Finals,Roger_Federer,Novak_Djokovic,81,1,0,1,0,30-40,1,14,1,0,,2,1,ND,5 s37 s+3n@,,,5s37s+3n@,,0,,5s37s+3n@,,1,,1,0,5,,s37s+3n@,False,False,False,False,True,False,s37s3n,s37s3,ss,2,1,0,GM,1,2,0,0,1,0,,,2
3620,20151117,Tour_Finals,Roger_Federer,Novak_Djokovic,85,1,0,2,0,15-30,1,15,1,0,,1,2,RF,6 f29 f3 b3 f2d@,,,6f29f3b3f2d@,,0,,6f29f3b3f2d@,,1,,1,0,6,,f29f3b3f2d@,False,False,False,False,True,False,f29f3b3f2d,f29f3b3f2,ffbf,4,2,0,15-40,0,2,0,0,1,0,,,4
3637,20151117,Tour_Finals,Roger_Federer,Novak_Djokovic,102,1,0,3,2,15-30,1,18,1,0,,2,1,ND,4 b37 b3 b1 f1n@,,,4b37b3b1f1n@,,0,,4b37b3b1f1n@,,1,,1,0,4,,b37b3b1f1n@,False,False,False,False,True,False,b37b3b1f1n,b37b3b1f1,bbbf,4,1,0,15-40,0,3,2,0,1,0,,,4
3638,20151117,Tour_Finals,Roger_Federer,Novak_Djokovic,103,1,0,3,2,15-40,1,18,1,0,,2,1,ND,6 b27 f+3 b;1*,,,6b27f+3b;1*,,0,,6b27f+3b;1*,,1,,1,0,6,,b27f+3b;1*,False,False,True,False,False,False,b27f3b1,b27f3b1,bfb,3,1,0,GM,1,4,2,0,1,0,,,4
3646,20151117,Tour_Finals,Roger_Federer,Novak_Djokovic,111,1,0,5,2,30-15,1,20,1,0,,2,1,ND,6 f;18 f1 f3 b2d@,,,6f;18f1f3b2d@,,0,,6f;18f1f3b2d@,,1,,1,0,6,,f;18f1f3b2d@,False,False,False,False,True,False,f18f1f3b2d,f18f1f3b2,fffb,4,1,0,30-30,0,5,2,0,1,0,,,4
3648,20151117,Tour_Finals,Roger_Federer,Novak_Djokovic,113,1,0,5,2,40-30,1,20,1,0,,2,1,ND,6 f29 f2 b2 f3n@,,,6f29f2b2f3n@,,0,,6f29f2b2f3n@,,1,,1,0,6,,f29f2b2f3n@,False,False,False,False,True,False,f29f2b2f3n,f29f2b2f3,ffbf,4,1,0,40-40,0,5,2,0,1,0,,,4
3652,20151117,Tour_Finals,Roger_Federer,Novak_Djokovic,117,1,0,5,2,AD-40,1,20,1,0,,2,1,ND,6 f38 b2 f3 s2 f3*,,,6f38b2f3s2f3*,,0,,6f38b2f3s2f3*,,1,,1,0,6,,f38b2f3s2f3*,False,False,True,False,False,False,f38b2f3s2f3,f38b2f3s2f3,fbfsf,5,1,0,40-40,0,5,2,0,1,0,,,6
3654,20151117,Tour_Finals,Roger_Federer,Novak_Djokovic,119,1,0,5,2,40-AD,1,20,1,0,,2,1,ND,6 r28 f3w@,,,6r28f3w@,,0,,6r28f3w@,,1,,1,0,6,,r28f3w@,False,False,False,False,True,False,r28f3w,r28f3,rf,2,1,0,GM,1,6,2,1,2,0,,,2
3676,20151031,Basel,Roger_Federer,Jack_Sock,22,0,0,2,1,15-30,1,4,1,0,,2,1,JS,4 b28 f1 f1 f#,,,4b28f1f1f#,,0,,4b28f1f1f#,,1,,1,0,4,,b28f1f1f#,False,False,False,True,False,False,b28f1f1f,b28f1f1f,bfff,4,1,0,15-40,0,2,1,0,0,0,,,4
3721,20151031,Basel,Roger_Federer,Jack_Sock,67,1,0,1,1,40-30,1,12,1,0,,2,1,JS,4 s38 f3n@,,,4s38f3n@,,0,,4s38f3n@,,1,,1,0,4,,s38f3n@,False,False,False,False,True,False,s38f3n,s38f3,sf,2,1,0,40-40,0,1,1,0,1,0,,,2
3737,20151031,Basel,Roger_Federer,Jack_Sock,83,1,0,3,1,30-40,1,14,1,0,,2,1,JS,6 f28 f1 f1 f2 s3 b+1d@,,,6f28f1f1f2s3b+1d@,,0,,6f28f1f1f2s3b+1d@,,1,,1,0,6,,f28f1f1f2s3b+1d@,False,False,False,False,True,False,f28f1f1f2s3b1d,f28f1f1f2s3b1,ffffsb,6,1,0,GM,1,4,1,0,1,0,,,6
3753,20151031,Basel,Roger_Federer,Jack_Sock,99,1,0,5,2,30-40,1,17,1,0,,1,2,RF,c4+ b37*,,,4+b37*,,1,,4b37*,,1,,1,0,4,,b37*,False,False,True,False,False,False,b37,b37,b,1,2,0,GM,2,5,3,0,1,0,,,2
3774,20151030,Basel,Roger_Federer,David_Goffin,10,0,0,1,0,40-15,1,2,1,0,,2,1,DG,6 f27 f+1 f3 z3 s1*,,,6f27f+1f3z3s1*,,0,,6f27f+1f3z3s1*,,1,,1,0,6,,f27f+1f3z3s1*,False,False,True,False,False,False,f27f1f3z3s1,f27f1f3z3s1,fffzs,5,1,0,40-30,0,1,0,0,0,0,,,6
3779,20151030,Basel,Roger_Federer,David_Goffin,15,0,0,1,1,40-0,1,3,1,0,,1,2,RF,4 b39 f1w#,,,4b39f1w#,,0,,4b39f1w#,,1,,1,0,4,,b39f1w#,False,False,False,True,False,False,b39f1w,b39f1,bf,2,2,0,40-15,0,1,1,0,0,0,,,2
3783,20151030,Basel,Roger_Federer,David_Goffin,19,0,0,2,1,15-0,1,4,1,0,,2,1,DG,4 b28 f1n@,,,4b28f1n@,,0,,4b28f1n@,,1,,1,0,4,,b28f1n@,False,False,False,False,True,False,b28f1n,b28f1,bf,2,1,0,15-15,0,2,1,0,0,0,,,2
3795,20151030,Basel,Roger_Federer,David_Goffin,31,0,0,3,2,15-30,1,6,1,0,,2,1,DG,4 b29 f1 f+3 s2 z1*,,,4b29f1f+3s2z1*,,0,,4b29f1f+3s2z1*,,1,,1,0,4,,b29f1f+3s2z1*,False,False,True,False,False,False,b29f1f3s2z1,b29f1f3s2z1,bffsz,5,1,0,15-40,0,3,2,0,0,0,,,6
3796,20151030,Basel,Roger_Federer,David_Goffin,32,0,0,3,2,15-40,1,6,1,0,,2,1,DG,6 s37y3 s1 f1w@,,,6s37y3s1f1w@,,0,,6s37y3s1f1w@,,1,,1,0,6,,s37y3s1f1w@,False,False,False,False,True,False,s37y3s1f1w,s37y3s1f1,sysf,4,1,0,GM,1,4,2,0,0,0,,,4
3804,20151030,Basel,Roger_Federer,David_Goffin,40,0,0,4,2,AD-40,1,7,1,0,,1,2,RF,4 b38 f1n@,,,4b38f1n@,,0,,4b38f1n@,,1,,1,0,4,,b38f1n@,False,False,False,False,True,False,b38f1n,b38f1,bf,2,2,0,40-40,0,4,2,0,0,0,,,2
3812,20151030,Basel,Roger_Federer,David_Goffin,48,0,0,4,2,AD-40,1,7,1,0,,1,2,RF,6 f28 o3@,,,6f28o3@,,0,,6f28o3@,,1,,1,0,6,,f28o3@,False,False,False,False,True,False,f28o3,f28o3,fo,2,2,0,40-40,0,4,2,0,0,0,,,2
3831,20151030,Basel,Roger_Federer,David_Goffin,67,1,0,0,0,40-0,1,10,1,0,,2,1,DG,c4 b38 f1 f1 f3 b3 b3 b+3 b1w#,,,4b38f1f1f3b3b3b+3b1w#,,0,,4b38f1f1f3b3b3b+3b1w#,,1,,1,0,4,,b38f1f1f3b3b3b+3b1w#,False,False,False,True,False,False,b38f1f1f3b3b3b3b1w,b38f1f1f3b3b3b3b1,bfffbbbb,8,1,0,40-15,0,0,0,0,1,0,,,8
3847,20151030,Basel,Roger_Federer,David_Goffin,83,1,0,1,2,15-40,1,13,1,0,,1,2,RF,4 f38 b2 b2 f3d@,,,4f38b2b2f3d@,,0,,4f38b2b2f3d@,,1,,1,0,4,,f38b2b2f3d@,False,False,False,False,True,False,f38b2b2f3d,f38b2b2f3,fbbf,4,2,0,GM,2,1,3,0,1,0,,,4
3853,20151030,Basel,Roger_Federer,David_Goffin,89,1,0,1,3,30-40,1,14,1,0,,2,1,DG,4 s28 f+3w@,,,4s28f+3w@,,0,,4s28f+3w@,,1,,1,0,4,,s28f+3w@,False,False,False,False,True,False,s28f3w,s28f3,sf,2,1,0,GM,1,2,3,0,1,0,,,2
3855,20151030,Basel,Roger_Federer,David_Goffin,91,1,0,2,3,0-15,1,15,1,0,,1,2,RF,4 b38 f2 f1 f1 f+2 b2 v1 r3w@,,,4b38f2f1f1f+2b2v1r3w@,,0,,4b38f2f1f1f+2b2v1r3w@,,1,,1,0,4,,b38f2f1f1f+2b2v1r3w@,False,False,False,False,True,False,b38f2f1f1f2b2v1r3w,b38f2f1f1f2b2v1r3,bffffbvr,8,2,0,0-30,0,2,3,0,1,0,,,8
3858,20151030,Basel,Roger_Federer,David_Goffin,94,1,0,2,3,15-40,1,15,1,0,,1,2,RF,6 b28 f1d@,,,6b28f1d@,,0,,6b28f1d@,,1,,1,0,6,,b28f1d@,False,False,False,False,True,False,b28f1d,b28f1,bf,2,2,0,GM,2,2,4,0,1,0,,,2
3860,20151030,Basel,Roger_Federer,David_Goffin,96,1,0,2,4,0-15,1,16,1,0,,2,1,DG,4 b38 b1w@,,,4b38b1w@,,0,,4b38b1w@,,1,,1,0,4,,b38b1w@,False,False,False,False,True,False,b38b1w,b38b1,bb,2,1,0,0-30,0,2,4,0,1,0,,,2
3891,20151030,Basel,Roger_Federer,David_Goffin,127,1,1,1,0,30-40,1,20,1,0,,2,1,DG,4 s28 f3 b1 f1 f1 f2 f1 f1 f1 f3w@,,,4s28f3b1f1f1f2f1f1f1f3w@,,0,,4s28f3b1f1f1f2f1f1f1f3w@,,1,,1,0,4,,s28f3b1f1f1f2f1f1f1f3w@,False,False,False,False,True,False,s28f3b1f1f1f2f1f1f1f3w,s28f3b1f1f1f2f1f1f1f3,sfbfffffff,10,1,0,GM,1,2,0,0,1,1,,,10
3895,20151030,Basel,Roger_Federer,David_Goffin,131,1,1,2,0,40-0,1,21,1,0,,1,2,RF,4 b38 s2 b2y1n@,,,4b38s2b2y1n@,,0,,4b38s2b2y1n@,,1,,1,0,4,,b38s2b2y1n@,False,False,False,False,True,False,b38s2b2y1n,b38s2b2y1,bsby,4,2,0,40-15,0,2,0,0,1,1,,,4
3912,20151030,Basel,Roger_Federer,David_Goffin,148,1,1,4,1,0-15,1,24,1,0,,2,1,DG,4 b19*,,,4b19*,,0,,4b19*,,1,,1,0,4,,b19*,False,False,True,False,False,False,b19,b19,b,1,1,0,0-30,0,4,1,0,1,1,,,2
3915,20151030,Basel,Roger_Federer,David_Goffin,151,1,1,4,1,15-40,1,24,1,0,,2,1,DG,4 f19 f3 s3 b3w@,,,4f19f3s3b3w@,,0,,4f19f3s3b3w@,,1,,1,0,4,,f19f3s3b3w@,False,False,False,False,True,False,f19f3s3b3w,f19f3s3b3,ffsb,4,1,0,GM,1,5,1,0,1,1,,,4
3927,20151027,Basel,Roger_Federer,Mikhail_Kukushkin,6,0,0,1,0,0-15,1,2,1,0,,2,1,MK,4 s28 f3w@,,,4s28f3w@,,0,,4s28f3w@,,1,,1,0,4,,s28f3w@,False,False,False,False,True,False,s28f3w,s28f3,sf,2,1,0,0-30,0,1,0,0,0,0,,,2
3933,20151027,Basel,Roger_Federer,Mikhail_Kukushkin,12,0,0,1,0,40-AD,1,2,1,0,,2,1,MK,c4 s38 b3w@,,,4s38b3w@,,0,,4s38b3w@,,1,,1,0,4,,s38b3w@,False,False,False,False,True,False,s38b3w,s38b3,sb,2,1,0,GM,1,2,0,0,0,0,,,2
3945,20151027,Basel,Roger_Federer,Mikhail_Kukushkin,24,0,0,3,0,15-30,1,4,1,0,,2,1,MK,4 b37 b2 f1 f2n@,,,4b37b2f1f2n@,,0,,4b37b2f1f2n@,,1,,1,0,4,,b37b2f1f2n@,False,False,False,False,True,False,b37b2f1f2n,b37b2f1f2,bbff,4,1,0,15-40,0,3,0,0,0,0,,,4
3946,20151027,Basel,Roger_Federer,Mikhail_Kukushkin,25,0,0,3,0,15-40,1,4,1,0,,2,1,MK,4 f18 f2n#,,,4f18f2n#,,0,,4f18f2n#,,1,,1,0,4,,f18f2n#,False,False,False,True,False,False,f18f2n,f18f2,ff,2,1,0,GM,1,4,0,0,0,0,,,2
