,match_id,Tournament,P1,P2,Pt,Set1,Set2,Gm1,Gm2,Pts,SrvDceSide,Gm#,TbSet,TB?,TBpt,Svr,Ret,Serving,1st,2nd,Notes,1stNoLet,2ndNoLet,1stSV,2ndSV,1stNoSV,2ndNoSV,1stIn,2ndIn,isRally1st,isRally2nd,Sv1,Sv2,Rally,isAce,isUnret,isRallyWinner,isForced,isUnforced,isDouble,rallyNoSpec,rallyNoError,rallyNoDirection,rallyLen,PtWinner,isSvrWinner,PtsAfter,GmW,Gm1.1,Gm2.1,SetW,Set1.1,Set2.1,RevTB,TBrev,rallyCount
11,20180318,Indian_Wells_Masters,Roger_Federer,Juan_Martin_Del_Potro,12,0,0,1,0,40-30,1,2,1,0,,2,1,JMD,4 b18 f1 f3 b3 b1 f2 f1w@,,,4b18f1f3b3b1f2f1w@,,0,,4b18f1f3b3b1f2f1w@,,1,,1,0,4,,b18f1f3b3b1f2f1w@,False,False,False,False,True,False,b18f1f3b3b1f2f1w,b18f1f3b3b1f2f1,bffbbff,7,2,1,GM,2,1,1,0,0,0,,,7
17,20180318,Indian_Wells_Masters,Roger_Federer,Juan_Martin_Del_Potro,18,0,0,1,1,40-30,1,3,1,0,,1,2,RF,6 f;28 f2 f3 s3 s3 f2 b2n@,,,6f;28f2f3s3s3f2b2n@,,0,,6f;28f2f3s3s3f2b2n@,,1,,1,0,6,,f;28f2f3s3s3f2b2n@,False,False,False,False,True,False,f28f2f3s3s3f2b2n,f28f2f3s3s3f2b2,fffssfb,7,1,1,GM,1,2,1,0,0,0,,,7
36,20180318,Indian_Wells_Masters,Roger_Federer,Juan_Martin_Del_Potro,37,0,0,2,4,15-0,1,7,1,0,,1,2,RF,4+ s27 f1*,,,4+s27f1*,,1,,4s27f1*,,1,,1,0,4,,s27f1*,False,False,True,False,False,False,s27f1,s27f1,sf,2,1,1,30-0,0,2,4,0,0,0,,,3
52,20180318,Indian_Wells_Masters,Roger_Federer,Juan_Martin_Del_Potro,53,0,0,4,5,15-0,1,10,1,0,,2,1,JMD,4 s38 f1 f1 f3 b2 b2 b2 f3*,,,4s38f1f1f3b2b2b2f3*,,0,,4s38f1f1f3b2b2b2f3*,,1,,1,0,4,,s38f1f1f3b2b2b2f3*,False,False,True,False,False,False,s38f1f1f3b2b2b2f3,s38f1f1f3b2b2b2f3,sfffbbbf,8,2,1,30-0,0,4,5,0,0,0,,,9
54,20180318,Indian_Wells_Masters,Roger_Federer,Juan_Martin_Del_Potro,55,0,0,4,5,40-0,1,10,1,0,,2,1,JMD,4 s38 b1 f1w#,,,4s38b1f1w#,,0,,4s38b1f1w#,,1,,1,0,4,,s38b1f1w#,False,False,False,True,False,False,s38b1f1w,s38b1f1,sbf,3,2,1,GM,2,4,6,2,0,1,,,3
73,20180318,Indian_Wells_Masters,Roger_Federer,Juan_Martin_Del_Potro,74,0,1,1,1,40-30,1,13,1,0,,1,2,RF,4+ s37 z3*,,,4+s37z3*,,1,,4s37z3*,,1,,1,0,4,,s37z3*,False,False,True,False,False,False,s37z3,s37z3,sz,2,1,1,GM,1,2,1,0,0,1,,,3
75,20180318,Indian_Wells_Masters,Roger_Federer,Juan_Martin_Del_Potro,76,0,1,2,1,15-0,1,14,1,0,,2,1,JMD,4 s37 f3 s2n#,,,4s37f3s2n#,,0,,4s37f3s2n#,,1,,1,0,4,,s37f3s2n#,False,False,False,True,False,False,s37f3s2n,s37f3s2,sfs,3,2,1,30-0,0,2,1,0,0,1,,,3
83,20180318,Indian_Wells_Masters,Roger_Federer,Juan_Martin_Del_Potro,84,0,1,2,2,40-30,1,15,1,0,,1,2,RF,5 f38 b3 b3w@,,,5f38b3b3w@,,0,,5f38b3b3w@,,1,,1,0,5,,f38b3b3w@,False,False,False,False,True,False,f38b3b3w,f38b3b3,fbb,3,1,1,GM,1,3,2,0,0,1,,,3
85,20180318,Indian_Wells_Masters,Roger_Federer,Juan_Martin_Del_Potro,86,0,1,3,2,0-15,1,16,1,0,,2,1,JMD,6 f17 f2 b3w@,,,6f17f2b3w@,,0,,6f17f2b3w@,,1,,1,0,6,,f17f2b3w@,False,False,False,False,True,False,f17f2b3w,f17f2b3,ffb,3,2,1,15-15,0,3,2,0,0,1,,,3
87,20180318,Indian_Wells_Masters,Roger_Federer,Juan_Martin_Del_Potro,88,0,1,3,2,15-30,1,16,1,0,,2,1,JMD,4 b38 f1*,,,4b38f1*,,0,,4b38f1*,,1,,1,0,4,,b38f1*,False,False,True,False,False,False,b38f1,b38f1,bf,2,2,1,30-30,0,3,2,0,0,1,,,3
89,20180318,Indian_Wells_Masters,Roger_Federer,Juan_Martin_Del_Potro,90,0,1,3,2,40-30,1,16,1,0,,2,1,JMD,4 b28 f1 f1 f2 f-1n@,,,4b28f1f1f2f-1n@,,0,,4b28f1f1f2f-1n@,,1,,1,0,4,,b28f1f1f2f-1n@,False,False,False,False,True,False,b28f1f1f2f1n,b28f1f1f2f1,bffff,5,2,1,GM,2,3,3,0,0,1,,,5
93,20180318,Indian_Wells_Masters,Roger_Federer,Juan_Martin_Del_Potro,94,0,1,3,3,30-15,1,17,1,0,,1,2,RF,4 s27 f-3*,,,4s27f-3*,,0,,4s27f-3*,,1,,1,0,4,,s27f-3*,False,False,True,False,False,False,s27f3,s27f3,sf,2,1,1,40-15,0,3,3,0,0,1,,,3
102,20180318,Indian_Wells_Masters,Roger_Federer,Juan_Martin_Del_Potro,103,0,1,4,4,0-15,1,19,1,0,,1,2,RF,4 s38 f1 f2u3*,,,4s38f1f2u3*,,0,,4s38f1f2u3*,,1,,1,0,4,,s38f1f2u3*,False,False,True,False,False,False,s38f1f2u3,s38f1f2u3,sffu,4,1,1,15-15,0,4,4,0,0,1,,,5
106,20180318,Indian_Wells_Masters,Roger_Federer,Juan_Martin_Del_Potro,107,0,1,4,4,40-30,1,19,1,0,,1,2,RF,6 f17 f3*,,,6f17f3*,,0,,6f17f3*,,1,,1,0,6,,f17f3*,False,False,True,False,False,False,f17f3,f17f3,ff,2,1,1,GM,1,5,4,0,0,1,,,3
112,20180318,Indian_Wells_Masters,Roger_Federer,Juan_Martin_Del_Potro,113,0,1,5,4,30-40,1,20,1,0,,2,1,JMD,4 s28 f1 f1w@,,,4s28f1f1w@,,0,,4s28f1f1w@,,1,,1,0,4,,s28f1f1w@,False,False,False,False,True,False,s28f1f1w,s28f1f1,sff,3,2,1,40-40,0,5,4,0,0,1,,,3
136,20180318,Indian_Wells_Masters,Roger_Federer,Juan_Martin_Del_Potro,155,1,1,0,0,AD-40,1,24,1,0,,2,1,JMD,4 s38 f1 f3w#,,,4s38f1f3w#,,0,,4s38f1f3w#,,1,,1,0,4,,s38f1f3w#,False,False,False,True,False,False,s38f1f3w,s38f1f3,sff,3,2,1,GM,2,0,1,0,1,1,,,3
142,20180318,Indian_Wells_Masters,Roger_Federer,Juan_Martin_Del_Potro,161,1,1,0,1,40-30,1,25,1,0,,1,2,RF,4+ b27 i2 r-1 r3*,,,4+b27i2r-1r3*,,1,,4b27i2r-1r3*,,1,,1,0,4,,b27i2r-1r3*,False,False,True,False,False,False,b27i2r1r3,b27i2r1r3,birr,4,1,1,GM,1,1,1,0,1,1,,,5
144,20180318,Indian_Wells_Masters,Roger_Federer,Juan_Martin_Del_Potro,163,1,1,1,1,15-0,1,26,1,0,,2,1,JMD,4 s29 f1*,,,4s29f1*,,0,,4s29f1*,,1,,1,0,4,,s29f1*,False,False,True,False,False,False,s29f1,s29f1,sf,2,2,1,30-0,0,1,1,0,1,1,,,3
150,20180318,Indian_Wells_Masters,Roger_Federer,Juan_Martin_Del_Potro,169,1,1,1,2,15-0,1,27,1,0,,1,2,RF,4+ b37y1 r2 z2*,,,4+b37y1r2z2*,,1,,4b37y1r2z2*,,1,,1,0,4,,b37y1r2z2*,False,False,True,False,False,False,b37y1r2z2,b37y1r2z2,byrz,4,1,1,30-0,0,1,2,0,1,1,,,5
152,20180318,Indian_Wells_Masters,Roger_Federer,Juan_Martin_Del_Potro,171,1,1,1,2,30-15,1,27,1,0,,1,2,RF,4 b27 f1 r3 f1*,,,4b27f1r3f1*,,0,,4b27f1r3f1*,,1,,1,0,4,,b27f1r3f1*,False,False,True,False,False,False,b27f1r3f1,b27f1r3f1,bfrf,4,1,1,40-15,0,1,2,0,1,1,,,5
153,20180318,Indian_Wells_Masters,Roger_Federer,Juan_Martin_Del_Potro,172,1,1,1,2,40-15,1,27,1,0,,1,2,RF,4 f27 f3*,,,4f27f3*,,0,,4f27f3*,,1,,1,0,4,,f27f3*,False,False,True,False,False,False,f27f3,f27f3,ff,2,1,1,GM,1,2,2,0,1,1,,,3
172,20180318,Indian_Wells_Masters,Roger_Federer,Juan_Martin_Del_Potro,191,1,1,3,4,30-15,1,31,1,0,,1,2,RF,6 f27 f1*,,,6f27f1*,,0,,6f27f1*,,1,,1,0,6,,f27f1*,False,False,True,False,False,False,f27f1,f27f1,ff,2,1,1,40-15,0,3,4,0,1,1,,,3
177,20180318,Indian_Wells_Masters,Roger_Federer,Juan_Martin_Del_Potro,196,1,1,4,4,15-30,1,32,1,0,,2,1,JMD,c6 f;28 f3 s#,,,6f;28f3s#,,0,,6f;28f3s#,,1,,1,0,6,,f;28f3s#,False,False,False,True,False,False,f28f3s,f28f3s,ffs,3,2,1,30-30,0,4,4,0,1,1,,,3
179,20180318,Indian_Wells_Masters,Roger_Federer,Juan_Martin_Del_Potro,198,1,1,4,4,30-40,1,32,1,0,,2,1,JMD,4 s37 f1*,,,4s37f1*,,0,,4s37f1*,,1,,1,0,4,,s37f1*,False,False,True,False,False,False,s37f1,s37f1,sf,2,2,1,40-40,0,4,4,0,1,1,,,3
195,20180318,Indian_Wells_Masters,Roger_Federer,Juan_Martin_Del_Potro,214,1,1,5,5,15-0,1,34,1,0,,2,1,JMD,6 f39 b3 f3n@,,,6f39b3f3n@,,0,,6f39b3f3n@,,1,,1,0,6,,f39b3f3n@,False,False,False,False,True,False,f39b3f3n,f39b3f3,fbf,3,2,1,30-0,0,5,5,0,1,1,,,3
204,20180215,Rotterdam,Roger_Federer,Philipp_Kohlschreiber,2,0,0,0,0,15-0,1,1,1,0,,1,2,RF,4 b2 f-1*,,,4b2f-1*,,0,,4b2f-1*,,1,,1,0,4,,b2f-1*,False,False,True,False,False,False,b2f1,b2f1,bf,2,1,1,30-0,0,0,0,0,0,0,,,3
207,20180215,Rotterdam,Roger_Federer,Philipp_Kohlschreiber,5,0,0,0,0,40-15,1,1,1,0,,1,2,RF,6 b3 b3 b1 v1*,,,6b3b3b1v1*,,0,,6b3b3b1v1*,,1,,1,0,6,,b3b3b1v1*,False,False,True,False,False,False,b3b3b1v1,b3b3b1v1,bbbv,4,1,1,GM,1,1,0,0,0,0,,,5
215,20180215,Rotterdam,Roger_Federer,Philipp_Kohlschreiber,13,0,0,1,0,AD-40,1,2,1,0,,2,1,PK,5 b2 f1 f1 f3 s1 f1 f1 f2 f3 b2 f2 f2 s2 s1 f3 s2 f3x@,,,5b2f1f1f3s1f1f1f2f3b2f2f2s2s1f3s2f3x@,,0,,5b2f1f1f3s1f1f1f2f3b2f2f2s2s1f3s2f3x@,,1,,1,0,5,,b2f1f1f3s1f1f1f2f3b2f2f2s2s1f3s2f3x@,False,False,False,False,True,False,b2f1f1f3s1f1f1f2f3b2f2f2s2s1f3s2f3x,b2f1f1f3s1f1f1f2f3b2f2f2s2s1f3s2f3,bfffsffffbffssfsf,17,2,1,GM,2,1,1,0,0,0,,,17
219,20180215,Rotterdam,Roger_Federer,Philipp_Kohlschreiber,17,0,0,1,1,40-0,1,3,1,0,,1,2,RF,6 f3 j2 m2 o3*,,,6f3j2m2o3*,,0,,6f3j2m2o3*,,1,,1,0,6,,f3j2m2o3*,False,False,True,False,False,False,f3j2m2o3,f3j2m2o3,fjmo,4,1,1,GM,1,2,1,0,0,0,,,5
227,20180215,Rotterdam,Roger_Federer,Philipp_Kohlschreiber,25,0,0,2,2,15-0,1,5,1,0,,1,2,RF,6 f3 f-3*,,,6f3f-3*,,0,,6f3f-3*,,1,,1,0,6,,f3f-3*,False,False,True,False,False,False,f3f3,f3f3,ff,2,1,1,30-0,0,2,2,0,0,0,,,3
231,20180215,Rotterdam,Roger_Federer,Philipp_Kohlschreiber,29,0,0,2,2,40-30,1,5,1,0,,1,2,RF,4 s3 f-3*,,,4s3f-3*,,0,,4s3f-3*,,1,,1,0,4,,s3f-3*,False,False,True,False,False,False,s3f3,s3f3,sf,2,1,1,GM,1,3,2,0,0,0,,,3
235,20180215,Rotterdam,Roger_Federer,Philipp_Kohlschreiber,33,0,0,3,2,30-15,1,6,1,0,,2,1,PK,6 f2 f3 b1w@,,,6f2f3b1w@,,0,,6f2f3b1w@,,1,,1,0,6,,f2f3b1w@,False,False,False,False,True,False,f2f3b1w,f2f3b1,ffb,3,2,1,40-15,0,3,2,0,0,0,,,3
241,20180215,Rotterdam,Roger_Federer,Philipp_Kohlschreiber,39,0,0,3,3,40-15,1,7,1,0,,1,2,RF,6 b2 f-1*,,,6b2f-1*,,0,,6b2f-1*,,1,,1,0,6,,b2f-1*,False,False,True,False,False,False,b2f1,b2f1,bf,2,1,1,GM,1,4,3,0,0,0,,,3
249,20180215,Rotterdam,Roger_Federer,Philipp_Kohlschreiber,47,0,0,4,4,15-0,1,9,1,0,,1,2,RF,4+ b2 v1*,,,4+b2v1*,,1,,4b2v1*,,1,,1,0,4,,b2v1*,False,False,True,False,False,False,b2v1,b2v1,bv,2,1,1,30-0,0,4,4,0,0,0,,,3
253,20180215,Rotterdam,Roger_Federer,Philipp_Kohlschreiber,51,0,0,5,4,0-15,1,10,1,0,,2,1,PK,5 s3 f3 b3n@,,,5s3f3b3n@,,0,,5s3f3b3n@,,1,,1,0,5,,s3f3b3n@,False,False,False,False,True,False,s3f3b3n,s3f3b3,sfb,3,2,1,15-15,0,5,4,0,0,0,,,3
266,20180215,Rotterdam,Roger_Federer,Philipp_Kohlschreiber,64,0,0,6,5,30-40,1,12,1,0,,2,1,PK,5 s2 f+1 f1w#,,,5s2f+1f1w#,,0,,5s2f+1f1w#,,1,,1,0,5,,s2f+1f1w#,False,False,False,True,False,False,s2f1f1w,s2f1f1,sff,3,2,1,40-40,0,6,5,0,0,0,,,3
285,20180215,Rotterdam,Roger_Federer,Philipp_Kohlschreiber,101,1,0,1,1,15-40,1,16,1,0,,2,1,PK,6 b2 f-3*,,,6b2f-3*,,0,,6b2f-3*,,1,,1,0,6,,b2f-3*,False,False,True,False,False,False,b2f3,b2f3,bf,2,2,1,30-40,0,1,1,0,1,0,,,3
286,20180215,Rotterdam,Roger_Federer,Philipp_Kohlschreiber,102,1,0,1,1,30-40,1,16,1,0,,2,1,PK,4 s2 f3*,,,4s2f3*,,0,,4s2f3*,,1,,1,0,4,,s2f3*,False,False,True,False,False,False,s2f3,s2f3,sf,2,2,1,40-40,0,1,1,0,1,0,,,3
301,20180215,Rotterdam,Roger_Federer,Philipp_Kohlschreiber,117,1,0,2,2,40-15,1,18,1,0,,2,1,PK,4 f1 f2 b2n#,,,4f1f2b2n#,,0,,4f1f2b2n#,,1,,1,0,4,,f1f2b2n#,False,False,False,True,False,False,f1f2b2n,f1f2b2,ffb,3,2,1,GM,2,2,3,0,1,0,,,3
319,20180215,Rotterdam,Roger_Federer,Philipp_Kohlschreiber,135,1,0,4,4,0-15,1,22,1,0,,2,1,PK,4 b2 f3*,,,4b2f3*,,0,,4b2f3*,,1,,1,0,4,,b2f3*,False,False,True,False,False,False,b2f3,b2f3,bf,2,2,1,15-15,0,4,4,0,1,0,,,3
326,20180215,Rotterdam,Roger_Federer,Philipp_Kohlschreiber,142,1,0,4,5,40-0,1,23,1,0,,1,2,RF,4 b2 f2 r2n#,,,4b2f2r2n#,,0,,4b2f2r2n#,,1,,1,0,4,,b2f2r2n#,False,False,False,True,False,False,b2f2r2n,b2f2r2,bfr,3,1,1,GM,1,5,5,0,1,0,,,3
330,20180215,Rotterdam,Roger_Federer,Philipp_Kohlschreiber,146,1,0,5,5,15-30,1,24,1,0,,2,1,PK,4 b2 f1 f2 f2 b2 f1*,,,4b2f1f2f2b2f1*,,0,,4b2f1f2f2b2f1*,,1,,1,0,4,,b2f1f2f2b2f1*,False,False,True,False,False,False,b2f1f2f2b2f1,b2f1f2f2b2f1,bfffbf,6,2,1,30-30,0,5,5,0,1,0,,,7
334,20180215,Rotterdam,Roger_Federer,Philipp_Kohlschreiber,150,1,0,5,5,40-AD,1,24,1,0,,2,1,PK,c4 b2 f1 f2 f3 s2 z3 b1 v1*,,,4b2f1f2f3s2z3b1v1*,,0,,4b2f1f2f3s2z3b1v1*,,1,,1,0,4,,b2f1f2f3s2z3b1v1*,False,False,True,False,False,False,b2f1f2f3s2z3b1v1,b2f1f2f3s2z3b1v1,bfffszbv,8,2,1,40-40,0,5,5,0,1,0,,,9
345,20180122,Australian_Open,Roger_Federer,Marton_Fucsovics,2,0,0,0,0,0-15,1,1,1,0,,1,2,RF,6 f37 f+3 b2 v1*,,,6f37f+3b2v1*,,0,,6f37f+3b2v1*,,1,,1,0,6,,f37f+3b2v1*,False,False,True,False,False,False,f37f3b2v1,f37f3b2v1,ffbv,4,1,1,15-15,0,0,0,0,0,0,,,5
351,20180122,Australian_Open,Roger_Federer,Marton_Fucsovics,8,0,0,1,0,0-15,1,2,1,0,,2,1,MF,4 s27 f+1*,,,4s27f+1*,,0,,4s27f+1*,,1,,1,0,4,,s27f+1*,False,False,True,False,False,False,s27f1,s27f1,sf,2,2,1,15-15,0,1,0,0,0,0,,,3
353,20180122,Australian_Open,Roger_Federer,Marton_Fucsovics,10,0,0,1,0,15-30,1,2,1,0,,2,1,MF,4 b37 f3 b3 b2 b3!@,,,4b37f3b3b2b3!@,,0,,4b37f3b3b2b3!@,,1,,1,0,4,,b37f3b3b2b3!@,False,False,False,False,True,False,b37f3b3b2b3!,b37f3b3b2b3,bfbbb,5,2,1,30-30,0,1,0,0,0,0,,,5
359,20180122,Australian_Open,Roger_Federer,Marton_Fucsovics,16,0,0,1,1,15-30,1,3,1,0,,1,2,RF,5 f27 f+1 r3 z3*,,Nice forehand!,5f27f+1r3z3*,,0,,5f27f+1r3z3*,,1,,1,0,5,,f27f+1r3z3*,False,False,True,False,False,False,f27f1r3z3,f27f1r3z3,ffrz,4,1,1,30-30,0,1,1,0,0,0,,,5
368,20180122,Australian_Open,Roger_Federer,Marton_Fucsovics,25,0,0,2,2,15-0,1,5,1,0,,1,2,RF,6 f27 f+3 m1 o3*,,,6f27f+3m1o3*,,0,,6f27f+3m1o3*,,1,,1,0,6,,f27f+3m1o3*,False,False,True,False,False,False,f27f3m1o3,f27f3m1o3,ffmo,4,1,1,30-0,0,2,2,0,0,0,,,5
386,20180122,Australian_Open,Roger_Federer,Marton_Fucsovics,43,0,0,3,3,15-0,1,7,1,0,,1,2,RF,4 b27 f+1 f1 v2*,,,4b27f+1f1v2*,,0,,4b27f+1f1v2*,,1,,1,0,4,,b27f+1f1v2*,False,False,True,False,False,False,b27f1f1v2,b27f1f1v2,bffv,4,1,1,30-0,0,3,3,0,0,0,,,5
388,20180122,Australian_Open,Roger_Federer,Marton_Fucsovics,45,0,0,3,3,30-15,1,7,1,0,,1,2,RF,6 r29 f1 r3x#,,,6r29f1r3x#,,0,,6r29f1r3x#,,1,,1,0,6,,r29f1r3x#,False,False,False,True,False,False,r29f1r3x,r29f1r3,rfr,3,1,1,40-15,0,3,3,0,0,0,,,3
412,20180122,Australian_Open,Roger_Federer,Marton_Fucsovics,69,1,0,1,0,30-15,1,12,1,0,,2,1,MF,cc4 s37 b3 b2n@,,,4s37b3b2n@,,0,,4s37b3b2n@,,1,,1,0,4,,s37b3b2n@,False,False,False,False,True,False,s37b3b2n,s37b3b2,sbb,3,2,1,40-15,0,1,0,0,1,0,,,3
413,20180122,Australian_Open,Roger_Federer,Marton_Fucsovics,70,1,0,1,0,40-15,1,12,1,0,,2,1,MF,5 b28 b1 r3n#,,,5b28b1r3n#,,0,,5b28b1r3n#,,1,,1,0,5,,b28b1r3n#,False,False,False,True,False,False,b28b1r3n,b28b1r3,bbr,3,2,1,GM,2,1,1,0,1,0,,,3
417,20180122,Australian_Open,Roger_Federer,Marton_Fucsovics,74,1,0,1,1,40-0,1,13,1,0,,1,2,RF,4 b37 b+2 b2 v1 f2 v2 m2 o1*,,,4b37b+2b2v1f2v2m2o1*,,0,,4b37b+2b2v1f2v2m2o1*,,1,,1,0,4,,b37b+2b2v1f2v2m2o1*,False,False,True,False,False,False,b37b2b2v1f2v2m2o1,b37b2b2v1f2v2m2o1,bbbvfvmo,8,1,1,GM,1,2,1,0,1,0,,,9
423,20180122,Australian_Open,Roger_Federer,Marton_Fucsovics,80,1,0,2,1,30-40,1,14,1,0,,2,1,MF,5 f19 f2 b3 s3 z+1n@,,Federer too impatient here.,5f19f2b3s3z+1n@,,0,,5f19f2b3s3z+1n@,,1,,1,0,5,,f19f2b3s3z+1n@,False,False,False,False,True,False,f19f2b3s3z1n,f19f2b3s3z1,ffbsz,5,2,1,40-40,0,2,1,0,1,0,,,5
433,20180122,Australian_Open,Roger_Federer,Marton_Fucsovics,90,1,0,3,2,0-15,1,16,1,0,,2,1,MF,4 s28 f3 s3 f1 f1 f+3 b1 v1*,,,4s28f3s3f1f1f+3b1v1*,,0,,4s28f3s3f1f1f+3b1v1*,,1,,1,0,4,,s28f3s3f1f1f+3b1v1*,False,False,True,False,False,False,s28f3s3f1f1f3b1v1,s28f3s3f1f1f3b1v1,sfsfffbv,8,2,1,15-15,0,3,2,0,1,0,,,9
445,20180122,Australian_Open,Roger_Federer,Marton_Fucsovics,102,1,0,4,3,15-30,1,18,1,0,,2,1,MF,6 f28 f1 f1 f3 s2 f+3 s3 z3 m3d#,,Fucsovics places the volley on the line that's what it takes to force the error.,6f28f1f1f3s2f+3s3z3m3d#,,0,,6f28f1f1f3s2f+3s3z3m3d#,,1,,1,0,6,,f28f1f1f3s2f+3s3z3m3d#,False,False,False,True,False,False,f28f1f1f3s2f3s3z3m3d,f28f1f1f3s2f3s3z3m3,ffffsfszm,9,2,1,30-30,0,4,3,0,1,0,,,9
451,20180122,Australian_Open,Roger_Federer,Marton_Fucsovics,108,1,0,4,4,30-15,1,19,1,0,,1,2,RF,5 f39 f2 f3 b3 b3 b3 b1 f3 b2 b1 f3 b2 f!@,,,5f39f2f3b3b3b3b1f3b2b1f3b2f!@,,0,,5f39f2f3b3b3b3b1f3b2b1f3b2f!@,,1,,1,0,5,,f39f2f3b3b3b3b1f3b2b1f3b2f!@,False,False,False,False,True,False,f39f2f3b3b3b3b1f3b2b1f3b2f!,f39f2f3b3b3b3b1f3b2b1f3b2f,fffbbbbfbbfbf,13,1,1,40-15,0,4,4,0,1,0,,,13
456,20180122,Australian_Open,Roger_Federer,Marton_Fucsovics,113,1,0,5,4,15-30,1,20,1,0,,2,1,MF,4 s38 f1*,,,4s38f1*,,0,,4s38f1*,,1,,1,0,4,,s38f1*,False,False,True,False,False,False,s38f1,s38f1,sf,2,2,1,30-30,0,5,4,0,1,0,,,3
458,20180122,Australian_Open,Roger_Federer,Marton_Fucsovics,115,1,0,5,4,40-30,1,20,1,0,,2,1,MF,6 f;17 f+3 b3 z1 f3n#,,,6f;17f+3b3z1f3n#,,0,,6f;17f+3b3z1f3n#,,1,,1,0,6,,f;17f+3b3z1f3n#,False,False,False,True,False,False,f17f3b3z1f3n,f17f3b3z1f3,ffbzf,5,2,1,GM,2,5,5,0,1,0,,,5
463,20180122,Australian_Open,Roger_Federer,Marton_Fucsovics,120,1,0,5,5,40-15,1,21,1,0,,1,2,RF,4 f28 f3 s2 f3 b2 f1 l3w#,,,4f28f3s2f3b2f1l3w#,,0,,4f28f3s2f3b2f1l3w#,,1,,1,0,4,,f28f3s2f3b2f1l3w#,False,False,False,True,False,False,f28f3s2f3b2f1l3w,f28f3s2f3b2f1l3,ffsfbfl,7,1,1,GM,1,6,5,0,1,0,,,7
467,20180122,Australian_Open,Roger_Federer,Marton_Fucsovics,124,1,0,6,5,15-30,1,22,1,0,,2,1,MF,6 f28 f+3 s2 v1*,,,6f28f+3s2v1*,,0,,6f28f+3s2v1*,,1,,1,0,6,,f28f+3s2v1*,False,False,True,False,False,False,f28f3s2v1,f28f3s2v1,ffsv,4,2,1,30-30,0,6,5,0,1,0,,,5
469,20180122,Australian_Open,Roger_Federer,Marton_Fucsovics,126,1,0,6,5,30-40,1,22,1,0,,2,1,MF,4 b39 f1 f1 f3 b1 f3 b3 b3 b3 s3 f1d@,,,4b39f1f1f3b1f3b3b3b3s3f1d@,,0,,4b39f1f1f3b1f3b3b3b3s3f1d@,,1,,1,0,4,,b39f1f1f3b1f3b3b3b3s3f1d@,False,False,False,False,True,False,b39f1f1f3b1f3b3b3b3s3f1d,b39f1f1f3b1f3b3b3b3s3f1,bfffbfbbbsf,11,2,1,40-40,0,6,5,0,1,0,,,11
492,20180122,Australian_Open,Roger_Federer,Marton_Fucsovics,159,2,0,2,0,30-15,1,26,1,0,,2,1,MF,4 b37 b+1*,,,4b37b+1*,,0,,4b37b+1*,,1,,1,0,4,,b37b+1*,False,False,True,False,False,False,b37b1,b37b1,bb,2,2,1,40-15,0,2,0,0,2,0,,,3
511,20180122,Australian_Open,Roger_Federer,Marton_Fucsovics,178,2,0,4,1,40-15,1,29,1,0,,1,2,RF,5 b39 b2 f1 f3y1 f+3*,,Fucsovics attempts to troll Federer with his own weapon but Fed's too smart for that.,5b39b2f1f3y1f+3*,,0,,5b39b2f1f3y1f+3*,,1,,1,0,5,,b39b2f1f3y1f+3*,False,False,True,False,False,False,b39b2f1f3y1f3,b39b2f1f3y1f3,bbffyf,6,1,1,GM,1,5,1,0,2,0,,,7
524,20180120,Australian_Open,Roger_Federer,Richard_Gasquet,2,0,0,0,0,15-0,1,1,1,0,,1,2,RF,6 f38 b3 b3 f2 f2 f2 b2 f1 f3 b1 f3 b2 f1d@,,,6f38b3b3f2f2f2b2f1f3b1f3b2f1d@,,0,,6f38b3b3f2f2f2b2f1f3b1f3b2f1d@,,1,,1,0,6,,f38b3b3f2f2f2b2f1f3b1f3b2f1d@,False,False,False,False,True,False,f38b3b3f2f2f2b2f1f3b1f3b2f1d,f38b3b3f2f2f2b2f1f3b1f3b2f1,fbbfffbffbfbf,13,1,1,30-0,0,0,0,0,0,0,,,13
528,20180120,Australian_Open,Roger_Federer,Richard_Gasquet,6,0,0,1,0,15-0,1,2,1,0,,2,1,RG,6 f29 f3 b2 f3 b3n@,,,6f29f3b2f3b3n@,,0,,6f29f3b2f3b3n@,,1,,1,0,6,,f29f3b2f3b3n@,False,False,False,False,True,False,f29f3b2f3b3n,f29f3b2f3b3,ffbfb,5,2,1,30-0,0,1,0,0,0,0,,,5
536,20180120,Australian_Open,Roger_Federer,Richard_Gasquet,14,0,0,1,1,40-30,1,3,1,0,,1,2,RF,4 s39 f1 r1 j+1 f3n#,,,4s39f1r1j+1f3n#,,0,,4s39f1r1j+1f3n#,,1,,1,0,4,,s39f1r1j+1f3n#,False,False,False,True,False,False,s39f1r1j1f3n,s39f1r1j1f3,sfrjf,5,1,1,GM,1,2,1,0,0,0,,,5
538,20180120,Australian_Open,Roger_Federer,Richard_Gasquet,16,0,0,2,1,0-15,1,4,1,0,,2,1,RG,6 f28 f3 s3 b3 f3 b3 s1w#,,Gasquet's first backhand lands on the baseline giving him an opening to win the point with the next shot.,6f28f3s3b3f3b3s1w#,,0,,6f28f3s3b3f3b3s1w#,,1,,1,0,6,,f28f3s3b3f3b3s1w#,False,False,False,True,False,False,f28f3s3b3f3b3s1w,f28f3s3b3f3b3s1,ffsbfbs,7,2,1,15-15,0,2,1,0,0,0,,,7
542,20180120,Australian_Open,Roger_Federer,Richard_Gasquet,20,0,0,2,1,30-40,1,4,1,0,,2,1,RG,4 s39 b1 r2 k+3 b3n#,,Great aggressive play from Gasquet here.,4s39b1r2k+3b3n#,,0,,4s39b1r2k+3b3n#,,1,,1,0,4,,s39b1r2k+3b3n#,False,False,False,True,False,False,s39b1r2k3b3n,s39b1r2k3b3,sbrkb,5,2,1,40-40,0,2,1,0,0,0,,,5
552,20180120,Australian_Open,Roger_Federer,Richard_Gasquet,30,0,0,3,1,40-30,1,5,1,0,,1,2,RF,4 s37 f1*,,,4s37f1*,,0,,4s37f1*,,1,,1,0,4,,s37f1*,False,False,True,False,False,False,s37f1,s37f1,sf,2,1,1,GM,1,4,1,0,0,0,,,3
559,20180120,Australian_Open,Roger_Federer,Richard_Gasquet,37,0,0,4,2,0-15,1,7,1,0,,1,2,RF,4 b38 f+1 r#,,,4b38f+1r#,,0,,4b38f+1r#,,1,,1,0,4,,b38f+1r#,False,False,False,True,False,False,b38f1r,b38f1r,bfr,3,1,1,15-15,0,4,2,0,0,0,,,3
561,20180120,Australian_Open,Roger_Federer,Richard_Gasquet,39,0,0,4,2,30-15,1,7,1,0,,1,2,RF,6 f37 f1 f;3 b-1 l1d#,,,6f37f1f;3b-1l1d#,,0,,6f37f1f;3b-1l1d#,,1,,1,0,6,,f37f1f;3b-1l1d#,False,False,False,True,False,False,f37f1f3b1l1d,f37f1f3b1l1,fffbl,5,1,1,40-15,0,4,2,0,0,0,,,5
570,20180120,Australian_Open,Roger_Federer,Richard_Gasquet,48,1,0,0,0,0-15,1,9,1,0,,1,2,RF,6 f17 f3 b3 b2 f1d@,,,6f17f3b3b2f1d@,,0,,6f17f3b3b2f1d@,,1,,1,0,6,,f17f3b3b2f1d@,False,False,False,False,True,False,f17f3b3b2f1d,f17f3b3b2f1,ffbbf,5,1,1,15-15,0,0,0,0,1,0,,,5
574,20180120,Australian_Open,Roger_Federer,Richard_Gasquet,52,1,0,0,0,40-30,1,9,1,0,,1,2,RF,6 f29 f3 s3w#,,,6f29f3s3w#,,0,,6f29f3s3w#,,1,,1,0,6,,f29f3s3w#,False,False,False,True,False,False,f29f3s3w,f29f3s3,ffs,3,1,1,GM,1,1,0,0,1,0,,,3
581,20180120,Australian_Open,Roger_Federer,Richard_Gasquet,59,1,0,1,1,15-0,1,11,1,0,,1,2,RF,6 f17 f1 r1 v+3 b3w#,,Federer taking the ball out of the air again it's amazing to see.,6f17f1r1v+3b3w#,,0,,6f17f1r1v+3b3w#,,1,,1,0,6,,f17f1r1v+3b3w#,False,False,False,True,False,False,f17f1r1v3b3w,f17f1r1v3b3,ffrvb,5,1,1,30-0,0,1,1,0,1,0,,,5
589,20180120,Australian_Open,Roger_Federer,Richard_Gasquet,67,1,0,2,1,30-15,1,12,1,0,,2,1,RG,5 b18 f3*,,,5b18f3*,,0,,5b18f3*,,1,,1,0,5,,b18f3*,False,False,True,False,False,False,b18f3,b18f3,bf,2,2,1,40-15,0,2,1,0,1,0,,,3
592,20180120,Australian_Open,Roger_Federer,Richard_Gasquet,70,1,0,2,2,0-15,1,13,1,0,,1,2,RF,4 b37 f+1*,,,4b37f+1*,,0,,4b37f+1*,,1,,1,0,4,,b37f+1*,False,False,True,False,False,False,b37f1,b37f1,bf,2,1,1,15-15,0,2,2,0,1,0,,,3
596,20180120,Australian_Open,Roger_Federer,Richard_Gasquet,74,1,0,2,2,40-30,1,13,1,0,,1,2,RF,4 s37 s+1 f1 v3*,,After the changeover before the game starts Cicak informs both players that Hawk-Eye is temporarily down and that she'll make an announcement as soon as she gets word that the system is back in order.,4s37s+1f1v3*,,0,,4s37s+1f1v3*,,1,,1,0,4,,s37s+1f1v3*,False,False,True,False,False,False,s37s1f1v3,s37s1f1v3,ssfv,4,1,1,GM,1,3,2,0,1,0,,,5
598,20180120,Australian_Open,Roger_Federer,Richard_Gasquet,76,1,0,3,2,0-15,1,14,1,0,,2,1,RG,4 s39 b3 s3 b2 f2 b3 b2 b3 b3 b3 b3 b1 r1n#,,,4s39b3s3b2f2b3b2b3b3b3b3b1r1n#,,0,,4s39b3s3b2f2b3b2b3b3b3b3b1r1n#,,1,,1,0,4,,s39b3s3b2f2b3b2b3b3b3b3b1r1n#,False,False,False,True,False,False,s39b3s3b2f2b3b2b3b3b3b3b1r1n,s39b3s3b2f2b3b2b3b3b3b3b1r1,sbsbfbbbbbbbr,13,2,1,15-15,0,3,2,0,1,0,,,13
602,20180120,Australian_Open,Roger_Federer,Richard_Gasquet,80,1,0,3,2,40-30,1,14,1,0,,2,1,RG,4+ b28 v1 r#,,,4+b28v1r#,,1,,4b28v1r#,,1,,1,0,4,,b28v1r#,False,False,False,True,False,False,b28v1r,b28v1r,bvr,3,2,1,GM,2,3,3,0,1,0,,,3
610,20180120,Australian_Open,Roger_Federer,Richard_Gasquet,88,1,0,4,3,15-0,1,16,1,0,,2,1,RG,4 s27 f+3 b2 z1*,,Hawk-Eye is back as Cicak quickly tells the players.,4s27f+3b2z1*,,0,,4s27f+3b2z1*,,1,,1,0,4,,s27f+3b2z1*,False,False,True,False,False,False,s27f3b2z1,s27f3b2z1,sfbz,4,2,1,30-0,0,4,3,0,1,0,,,5
614,20180120,Australian_Open,Roger_Federer,Richard_Gasquet,92,1,0,4,3,40-30,1,16,1,0,,2,1,RG,6 f17 f+3*,,Huge serve there.,6f17f+3*,,0,,6f17f+3*,,1,,1,0,6,,f17f+3*,False,False,True,False,False,False,f17f3,f17f3,ff,2,2,1,GM,2,4,4,0,1,0,,,3
616,20180120,Australian_Open,Roger_Federer,Richard_Gasquet,94,1,0,4,4,15-0,1,17,1,0,,1,2,RF,6 f28 f1*,,,6f28f1*,,0,,6f28f1*,,1,,1,0,6,,f28f1*,False,False,True,False,False,False,f28f1,f28f1,ff,2,1,1,30-0,0,4,4,0,1,0,,,3
621,20180120,Australian_Open,Roger_Federer,Richard_Gasquet,99,1,0,5,4,15-0,1,18,1,0,,2,1,RG,4 b37 b3 b3d@,,,4b37b3b3d@,,0,,4b37b3b3d@,,1,,1,0,4,,b37b3b3d@,False,False,False,False,True,False,b37b3b3d,b37b3b3,bbb,3,2,1,30-0,0,5,4,0,1,0,,,3
634,20180120,Australian_Open,Roger_Federer,Richard_Gasquet,112,1,0,6,5,15-30,1,20,1,0,,2,1,RG,4 s28 f1*,,,4s28f1*,,0,,4s28f1*,,1,,1,0,4,,s28f1*,False,False,True,False,False,False,s28f1,s28f1,sf,2,2,1,30-30,0,6,5,0,1,0,,,3
648,20180120,Australian_Open,Roger_Federer,Richard_Gasquet,126,2,0,2,0,15-0,1,23,1,0,,1,2,RF,4+ b27 v;2*,,A lucky dead net cord winner.,4+b27v;2*,,1,,4b27v;2*,,1,,1,0,4,,b27v;2*,False,False,True,False,False,False,b27v2,b27v2,bv,2,1,1,30-0,0,2,0,0,2,0,,,3
652,20180120,Australian_Open,Roger_Federer,Richard_Gasquet,130,2,0,2,0,40-30,1,23,1,0,,1,2,RF,6 f28 f1 l2 o1*,,Haha. Not only does Federer get up from the chair before the umpire announces time but actually asks her '[isn't it] too long?' prompting the announcement. He likes the game quick.,6f28f1l2o1*,,0,,6f28f1l2o1*,,1,,1,0,6,,f28f1l2o1*,False,False,True,False,False,False,f28f1l2o1,f28f1l2o1,fflo,4,1,1,GM,1,3,0,0,2,0,,,5
654,20180120,Australian_Open,Roger_Federer,Richard_Gasquet,132,2,0,3,0,0-15,1,24,1,0,,2,1,RG,4 s27 b+3 b3 z3*,,,4s27b+3b3z3*,,0,,4s27b+3b3z3*,,1,,1,0,4,,s27b+3b3z3*,False,False,True,False,False,False,s27b3b3z3,s27b3b3z3,sbbz,4,2,1,15-15,0,3,0,0,2,0,,,5
656,20180120,Australian_Open,Roger_Federer,Richard_Gasquet,134,2,0,3,0,30-15,1,24,1,0,,2,1,RG,4 s28 f3 b1n#,,,4s28f3b1n#,,0,,4s28f3b1n#,,1,,1,0,4,,s28f3b1n#,False,False,False,True,False,False,s28f3b1n,s28f3b1,sfb,3,2,1,40-15,0,3,0,0,2,0,,,3
665,20180120,Australian_Open,Roger_Federer,Richard_Gasquet,143,2,0,3,1,AD-40,1,25,1,0,,1,2,RF,4 s37 f1*,,,4s37f1*,,0,,4s37f1*,,1,,1,0,4,,s37f1*,False,False,True,False,False,False,s37f1,s37f1,sf,2,1,1,GM,1,4,1,0,2,0,,,3
692,20180120,Australian_Open,Roger_Federer,Richard_Gasquet,170,2,0,4,4,15-0,1,29,1,0,,1,2,RF,4 b38 f1 f1n#,,,4b38f1f1n#,,0,,4b38f1f1n#,,1,,1,0,4,,b38f1f1n#,False,False,False,True,False,False,b38f1f1n,b38f1f1,bff,3,1,1,30-0,0,4,4,0,2,0,,,3
698,20180120,Australian_Open,Roger_Federer,Richard_Gasquet,176,2,0,5,4,15-30,1,30,1,0,,2,1,RG,4 s39 b3 b2 f1*,,An unexpected huge forehand from Gasquet.,4s39b3b2f1*,,0,,4s39b3b2f1*,,1,,1,0,4,,s39b3b2f1*,False,False,True,False,False,False,s39b3b2f1,s39b3b2f1,sbbf,4,2,1,30-30,0,5,4,0,2,0,,,5
702,20180120,Australian_Open,Roger_Federer,Richard_Gasquet,180,2,0,5,4,40-AD,1,30,1,0,,2,1,RG,4 b29 f1 f3 b3 b3 b3 b3 b3 f3 b1*,,,4b29f1f3b3b3b3b3b3f3b1*,,0,,4b29f1f3b3b3b3b3b3f3b1*,,1,,1,0,4,,b29f1f3b3b3b3b3b3f3b1*,False,False,True,False,False,False,b29f1f3b3b3b3b3b3f3b1,b29f1f3b3b3b3b3b3f3b1,bffbbbbbfb,10,2,1,40-40,0,5,4,0,2,0,,,11
708,20180116,Australian_Open,Roger_Federer,Aljaz_Bedene,2,0,0,0,0,15-0,1,1,1,0,,1,2,RF,4 s37 f-1*,,,4s37f-1*,,0,,4s37f-1*,,1,,1,0,4,,s37f-1*,False,False,True,False,False,False,s37f1,s37f1,sf,2,1,1,30-0,0,0,0,0,0,0,,,3
712,20180116,Australian_Open,Roger_Federer,Aljaz_Bedene,6,0,0,1,0,0-15,1,2,1,0,,2,1,AB,6 f28 f3 b2 f3 s3n@,,,6f28f3b2f3s3n@,,0,,6f28f3b2f3s3n@,,1,,1,0,6,,f28f3b2f3s3n@,False,False,False,False,True,False,f28f3b2f3s3n,f28f3b2f3s3,ffbfs,5,2,1,15-15,0,1,0,0,0,0,,,5
716,20180116,Australian_Open,Roger_Federer,Aljaz_Bedene,10,0,0,1,0,40-30,1,2,1,0,,2,1,AB,6 f18 f2 f1n@,,,6f18f2f1n@,,0,,6f18f2f1n@,,1,,1,0,6,,f18f2f1n@,False,False,False,False,True,False,f18f2f1n,f18f2f1,fff,3,2,1,GM,2,1,1,0,0,0,,,3
718,20180116,Australian_Open,Roger_Federer,Aljaz_Bedene,12,0,0,1,1,15-0,1,3,1,0,,1,2,RF,6 f;17 f+3 m1 o3*,,,6f;17f+3m1o3*,,0,,6f;17f+3m1o3*,,1,,1,0,6,,f;17f+3m1o3*,False,False,True,False,False,False,f17f3m1o3,f17f3m1o3,ffmo,4,1,1,30-0,0,1,1,0,0,0,,,5
728,20180116,Australian_Open,Roger_Federer,Aljaz_Bedene,22,0,0,2,1,40-AD,1,4,1,0,,2,1,AB,6 f28 f3 b1 f1 f3 b3 s1 f1 f2 b3 s2 f1*,,,6f28f3b1f1f3b3s1f1f2b3s2f1*,,0,,6f28f3b1f1f3b3s1f1f2b3s2f1*,,1,,1,0,6,,f28f3b1f1f3b3s1f1f2b3s2f1*,False,False,True,False,False,False,f28f3b1f1f3b3s1f1f2b3s2f1,f28f3b1f1f3b3s1f1f2b3s2f1,ffbffbsffbsf,12,2,1,40-40,0,2,1,0,0,0,,,13
739,20180116,Australian_Open,Roger_Federer,Aljaz_Bedene,33,0,0,4,1,40-15,1,6,1,0,,2,1,AB,6 s38 f1*,,,6s38f1*,,0,,6s38f1*,,1,,1,0,6,,s38f1*,False,False,True,False,False,False,s38f1,s38f1,sf,2,2,1,GM,2,4,2,0,0,0,,,3
743,20180116,Australian_Open,Roger_Federer,Aljaz_Bedene,37,0,0,4,2,30-15,1,7,1,0,,1,2,RF,4 b37 b3 b2 f1 f1w#,,,4b37b3b2f1f1w#,,0,,4b37b3b2f1f1w#,,1,,1,0,4,,b37b3b2f1f1w#,False,False,False,True,False,False,b37b3b2f1f1w,b37b3b2f1f1,bbbff,5,1,1,40-15,0,4,2,0,0,0,,,5
750,20180116,Australian_Open,Roger_Federer,Aljaz_Bedene,44,0,0,5,3,15-0,1,9,1,0,,1,2,RF,4 b37 f-2 f#,,,4b37f-2f#,,0,,4b37f-2f#,,1,,1,0,4,,b37f-2f#,False,False,False,True,False,False,b37f2f,b37f2f,bff,3,1,1,30-0,0,5,3,0,0,0,,,3
761,20180116,Australian_Open,Roger_Federer,Aljaz_Bedene,55,1,0,1,0,15-0,1,11,1,0,,1,2,RF,4+ b17 v1*,,A sweet low volley.,4+b17v1*,,1,,4b17v1*,,1,,1,0,4,,b17v1*,False,False,True,False,False,False,b17v1,b17v1,bv,2,1,1,30-0,0,1,0,0,1,0,,,3
776,20180116,Australian_Open,Roger_Federer,Aljaz_Bedene,70,1,0,2,1,30-40,1,13,1,0,,1,2,RF,6 f28 f1 f2 f1 f1 f1 f2 s3 s3 f1*,,Federer disarms Bedene with a well-placed slice and hits a precise inside-in forehand for a winner. Nice entertainment.,6f28f1f2f1f1f1f2s3s3f1*,,0,,6f28f1f2f1f1f1f2s3s3f1*,,1,,1,0,6,,f28f1f2f1f1f1f2s3s3f1*,False,False,True,False,False,False,f28f1f2f1f1f1f2s3s3f1,f28f1f2f1f1f1f2s3s3f1,fffffffssf,10,1,1,40-40,0,2,1,0,1,0,,,11
778,20180116,Australian_Open,Roger_Federer,Aljaz_Bedene,72,1,0,2,1,AD-40,1,13,1,0,,1,2,RF,4 b37 f-3*,,,4b37f-3*,,0,,4b37f-3*,,1,,1,0,4,,b37f-3*,False,False,True,False,False,False,b37f3,b37f3,bf,2,1,1,GM,1,3,1,0,1,0,,,3
786,20180116,Australian_Open,Roger_Federer,Aljaz_Bedene,80,1,0,3,1,AD-40,1,14,1,0,,2,1,AB,4 b39 f1*,,,4b39f1*,,0,,4b39f1*,,1,,1,0,4,,b39f1*,False,False,True,False,False,False,b39f1,b39f1,bf,2,2,1,GM,2,3,2,0,1,0,,,3
788,20180116,Australian_Open,Roger_Federer,Aljaz_Bedene,82,1,0,3,2,15-0,1,15,1,0,,1,2,RF,4+ b28 v1*,,,4+b28v1*,,1,,4b28v1*,,1,,1,0,4,,b28v1*,False,False,True,False,False,False,b28v1,b28v1,bv,2,1,1,30-0,0,3,2,0,1,0,,,3
792,20180116,Australian_Open,Roger_Federer,Aljaz_Bedene,86,1,0,3,2,40-30,1,15,1,0,,1,2,RF,4 s18 f1 f1 f+3 b1n#,,Federer changes the racquet before the next game taking 35 seconds in total - slightly over the limit but of course there's no incentive for a warning. Doesn't matter in a R1 match anyway.,4s18f1f1f+3b1n#,,0,,4s18f1f1f+3b1n#,,1,,1,0,4,,s18f1f1f+3b1n#,False,False,False,True,False,False,s18f1f1f3b1n,s18f1f1f3b1,sfffb,5,1,1,GM,1,4,2,0,1,0,,,5
794,20180116,Australian_Open,Roger_Federer,Aljaz_Bedene,88,1,0,4,2,15-0,1,16,1,0,,2,1,AB,4 s38 f1*,,,4s38f1*,,0,,4s38f1*,,1,,1,0,4,,s38f1*,False,False,True,False,False,False,s38f1,s38f1,sf,2,2,1,30-0,0,4,2,0,1,0,,,3
809,20180116,Australian_Open,Roger_Federer,Aljaz_Bedene,103,1,0,5,3,30-40,1,18,1,0,,2,1,AB,4 s37 f-1*,,,4s37f-1*,,0,,4s37f-1*,,1,,1,0,4,,s37f-1*,False,False,True,False,False,False,s37f1,s37f1,sf,2,2,1,40-40,0,5,3,0,1,0,,,3
815,20180116,Australian_Open,Roger_Federer,Aljaz_Bedene,109,1,0,5,4,0-15,1,19,1,0,,1,2,RF,c4 s28 j+2*,,,4s28j+2*,,0,,4s28j+2*,,1,,1,0,4,,s28j+2*,False,False,True,False,False,False,s28j2,s28j2,sj,2,1,1,15-15,0,5,4,0,1,0,,,3
832,20180116,Australian_Open,Roger_Federer,Aljaz_Bedene,126,2,0,0,1,AD-40,1,21,1,0,,1,2,RF,4 b28 f3*,,,4b28f3*,,0,,4b28f3*,,1,,1,0,4,,b28f3*,False,False,True,False,False,False,b28f3,b28f3,bf,2,1,1,GM,1,1,1,0,2,0,,,3
834,20180116,Australian_Open,Roger_Federer,Aljaz_Bedene,128,2,0,1,1,0-15,1,22,1,0,,2,1,AB,6 f28 f3 b1d@,,,6f28f3b1d@,,0,,6f28f3b1d@,,1,,1,0,6,,f28f3b1d@,False,False,False,False,True,False,f28f3b1d,f28f3b1,ffb,3,2,1,15-15,0,1,1,0,2,0,,,3
840,20180116,Australian_Open,Roger_Federer,Aljaz_Bedene,134,2,0,2,1,15-0,1,23,1,0,,1,2,RF,c4+ s37 z1*,,,4+s37z1*,,1,,4s37z1*,,1,,1,0,4,,s37z1*,False,False,True,False,False,False,s37z1,s37z1,sz,2,1,1,30-0,0,2,1,0,2,0,,,3
851,20180116,Australian_Open,Roger_Federer,Aljaz_Bedene,145,2,0,3,2,0-15,1,25,1,0,,1,2,RF,6 f27 f1 f1 h=2 b1n@,,,6f27f1f1h=2b1n@,,0,,6f27f1f1h=2b1n@,,1,,1,0,6,,f27f1f1h=2b1n@,False,False,False,False,True,False,f27f1f1h2b1n,f27f1f1h2b1,fffhb,5,1,1,15-15,0,3,2,0,2,0,,,5
857,20180116,Australian_Open,Roger_Federer,Aljaz_Bedene,151,2,0,3,2,AD-40,1,25,1,0,,1,2,RF,6 f38 f3 b2d@,,,6f38f3b2d@,,0,,6f38f3b2d@,,1,,1,0,6,,f38f3b2d@,False,False,False,False,True,False,f38f3b2d,f38f3b2,ffb,3,1,1,GM,1,4,2,0,2,0,,,3
875,20180116,Australian_Open,Roger_Federer,Aljaz_Bedene,169,2,0,5,3,0-40,1,28,1,0,,2,1,AB,6 f27 f+1*,,,6f27f+1*,,0,,6f27f+1*,,1,,1,0,6,,f27f+1*,False,False,True,False,False,False,f27f1,f27f1,ff,2,2,1,15-40,0,5,3,0,2,0,,,3
879,20180106,Hopman_Cup,Roger_Federer,Alexander_Zverev,2,0,0,0,0,0-15,1,1,1,0,,1,2,RF,4+ s27 v1 f2 v3*,,,4+s27v1f2v3*,,1,,4s27v1f2v3*,,1,,1,0,4,,s27v1f2v3*,False,False,True,False,False,False,s27v1f2v3,s27v1f2v3,svfv,4,1,1,15-15,0,0,0,0,0,0,,,5
883,20180106,Hopman_Cup,Roger_Federer,Alexander_Zverev,6,0,0,0,0,30-40,1,1,1,0,,1,2,RF,4+ b28 z1 r#,,,4+b28z1r#,,1,,4b28z1r#,,1,,1,0,4,,b28z1r#,False,False,False,True,False,False,b28z1r,b28z1r,bzr,3,1,1,40-40,0,0,0,0,0,0,,,3
885,20180106,Hopman_Cup,Roger_Federer,Alexander_Zverev,8,0,0,0,0,AD-40,1,1,1,0,,1,2,RF,4 b29 f1 r2n#,,,4b29f1r2n#,,0,,4b29f1r2n#,,1,,1,0,4,,b29f1r2n#,False,False,False,True,False,False,b29f1r2n,b29f1r2,bfr,3,1,1,GM,1,1,0,0,0,0,,,3
891,20180106,Hopman_Cup,Roger_Federer,Alexander_Zverev,14,0,0,1,0,30-40,1,2,1,0,,2,1,AZ,5 r27 f3+ b3 z1*,,,5r27f3+b3z1*,,0,,5r27f3+b3z1*,,1,,1,0,5,,r27f3+b3z1*,False,False,True,False,False,False,r27f3b3z1,r27f3b3z1,rfbz,4,2,1,40-40,0,1,0,0,0,0,,,5
914,20180106,Hopman_Cup,Roger_Federer,Alexander_Zverev,37,0,0,2,1,30-15,1,4,1,0,,2,1,AZ,4 s39 b1*,,,4s39b1*,,0,,4s39b1*,,1,,1,0,4,,s39b1*,False,False,True,False,False,False,s39b1,s39b1,sb,2,2,1,40-15,0,2,1,0,0,0,,,3
923,20180106,Hopman_Cup,Roger_Federer,Alexander_Zverev,46,0,0,3,2,0-15,1,6,1,0,,2,1,AZ,4 s27 f3+ b2 z1 f#,,,4s27f3+b2z1f#,,0,,4s27f3+b2z1f#,,1,,1,0,4,,s27f3+b2z1f#,False,False,False,True,False,False,s27f3b2z1f,s27f3b2z1f,sfbzf,5,2,1,15-15,0,3,2,0,0,0,,,5
925,20180106,Hopman_Cup,Roger_Federer,Alexander_Zverev,48,0,0,3,2,15-30,1,6,1,0,,2,1,AZ,4 s28 b3 b3 b2 f3 s3 f3w@,,,4s28b3b3b2f3s3f3w@,,0,,4s28b3b3b2f3s3f3w@,,1,,1,0,4,,s28b3b3b2f3s3f3w@,False,False,False,False,True,False,s28b3b3b2f3s3f3w,s28b3b3b2f3s3f3,sbbbfsf,7,2,1,30-30,0,3,2,0,0,0,,,7
927,20180106,Hopman_Cup,Roger_Federer,Alexander_Zverev,50,0,0,3,2,40-30,1,6,1,0,,2,1,AZ,4 s29 f3 s2 f3*,,,4s29f3s2f3*,,0,,4s29f3s2f3*,,1,,1,0,4,,s29f3s2f3*,False,False,True,False,False,False,s29f3s2f3,s29f3s2f3,sfsf,4,2,1,GM,2,3,3,0,0,0,,,5
933,20180106,Hopman_Cup,Roger_Federer,Alexander_Zverev,56,0,0,3,3,30-40,1,7,1,0,,1,2,RF,4+ b28 v1*,,,4+b28v1*,,1,,4b28v1*,,1,,1,0,4,,b28v1*,False,False,True,False,False,False,b28v1,b28v1,bv,2,1,1,40-40,0,3,3,0,0,0,,,3
935,20180106,Hopman_Cup,Roger_Federer,Alexander_Zverev,58,0,0,3,3,AD-40,1,7,1,0,,1,2,RF,4 b17 f2 b2 b2 b2 b2 b2 f2 f1 f2 b;2 f1 f1 f1 f3 b3 b1d@,,,4b17f2b2b2b2b2b2f2f1f2b;2f1f1f1f3b3b1d@,,0,,4b17f2b2b2b2b2b2f2f1f2b;2f1f1f1f3b3b1d@,,1,,1,0,4,,b17f2b2b2b2b2b2f2f1f2b;2f1f1f1f3b3b1d@,False,False,False,False,True,False,b17f2b2b2b2b2b2f2f1f2b2f1f1f1f3b3b1d,b17f2b2b2b2b2b2f2f1f2b2f1f1f1f3b3b1,bfbbbbbfffbffffbb,17,1,1,GM,1,4,3,0,0,0,,,17
942,20180106,Hopman_Cup,Roger_Federer,Alexander_Zverev,65,0,0,4,4,15-0,1,9,1,0,,1,2,RF,6 l28 f3+ s#,,,6l28f3+s#,,0,,6l28f3+s#,,1,,1,0,6,,l28f3+s#,False,False,False,True,False,False,l28f3s,l28f3s,lfs,3,1,1,30-0,0,4,4,0,0,0,,,3
962,20180106,Hopman_Cup,Roger_Federer,Alexander_Zverev,85,0,0,6,5,30-40,1,12,1,0,,2,1,AZ,6 r38 b3 b1n#,,,6r38b3b1n#,,0,,6r38b3b1n#,,1,,1,0,6,,r38b3b1n#,False,False,False,True,False,False,r38b3b1n,r38b3b1,rbb,3,2,1,40-40,0,6,5,0,0,0,,,3
964,20180106,Hopman_Cup,Roger_Federer,Alexander_Zverev,87,0,0,6,5,AD-40,1,12,1,0,,2,1,AZ,4 s38 b1 f1d#,,,4s38b1f1d#,,0,,4s38b1f1d#,,1,,1,0,4,,s38b1f1d#,False,False,False,True,False,False,s38b1f1d,s38b1f1,sbf,3,2,1,GM,2,6,6,0,0,0,,,3
969,20180106,Hopman_Cup,Roger_Federer,Alexander_Zverev,103,0,1,0,0,15-40,1,14,1,0,,2,1,AZ,6 s28 b1*,,,6s28b1*,,0,,6s28b1*,,1,,1,0,6,,s28b1*,False,False,True,False,False,False,s28b1,s28b1,sb,2,2,1,30-40,0,0,0,0,0,1,,,3
974,20180106,Hopman_Cup,Roger_Federer,Alexander_Zverev,108,0,1,1,0,40-0,1,15,1,0,,1,2,RF,4+ b28 z1*,,,4+b28z1*,,1,,4b28z1*,,1,,1,0,4,,b28z1*,False,False,True,False,False,False,b28z1,b28z1,bz,2,1,1,GM,1,2,0,0,0,1,,,3
982,20180106,Hopman_Cup,Roger_Federer,Alexander_Zverev,116,0,1,3,0,0-15,1,17,1,0,,1,2,RF,6 r28 j3 m3w#,,,6r28j3m3w#,,0,,6r28j3m3w#,,1,,1,0,6,,r28j3m3w#,False,False,False,True,False,False,r28j3m3w,r28j3m3,rjm,3,1,1,15-15,0,3,0,0,0,1,,,3
984,20180106,Hopman_Cup,Roger_Federer,Alexander_Zverev,118,0,1,3,0,15-30,1,17,1,0,,1,2,RF,6 l18 o2 m2 o1*,,,6l18o2m2o1*,,0,,6l18o2m2o1*,,1,,1,0,6,,l18o2m2o1*,False,False,True,False,False,False,l18o2m2o1,l18o2m2o1,lomo,4,1,1,30-30,0,3,0,0,0,1,,,5
988,20180106,Hopman_Cup,Roger_Federer,Alexander_Zverev,122,0,1,3,0,40-AD,1,17,1,0,,1,2,RF,4 s18 f1 r#,,,4s18f1r#,,0,,4s18f1r#,,1,,1,0,4,,s18f1r#,False,False,False,True,False,False,s18f1r,s18f1r,sfr,3,1,1,40-40,0,3,0,0,0,1,,,3
990,20180106,Hopman_Cup,Roger_Federer,Alexander_Zverev,124,0,1,3,0,AD-40,1,17,1,0,,1,2,RF,4 s27 f-1*,,,4s27f-1*,,0,,4s27f-1*,,1,,1,0,4,,s27f-1*,False,False,True,False,False,False,s27f1,s27f1,sf,2,1,1,GM,1,4,0,0,0,1,,,3
1003,20180106,Hopman_Cup,Roger_Federer,Alexander_Zverev,137,1,1,0,0,30-15,1,20,1,0,,2,1,AZ,4+ s37 b-3 b2 v1*,,,4+s37b-3b2v1*,,1,,4s37b-3b2v1*,,1,,1,0,4,,s37b-3b2v1*,False,False,True,False,False,False,s37b3b2v1,s37b3b2v1,sbbv,4,2,1,40-15,0,0,0,0,1,1,,,5
1004,20180106,Hopman_Cup,Roger_Federer,Alexander_Zverev,138,1,1,0,0,40-15,1,20,1,0,,2,1,AZ,6 s29 b1 r3d#,,,6s29b1r3d#,,0,,6s29b1r3d#,,1,,1,0,6,,s29b1r3d#,False,False,False,True,False,False,s29b1r3d,s29b1r3,sbr,3,2,1,GM,2,0,1,0,1,1,,,3
1008,20180106,Hopman_Cup,Roger_Federer,Alexander_Zverev,142,1,1,0,1,30-15,1,21,1,0,,1,2,RF,6 f27 f3+ b3w#,,,6f27f3+b3w#,,0,,6f27f3+b3w#,,1,,1,0,6,,f27f3+b3w#,False,False,False,True,False,False,f27f3b3w,f27f3b3,ffb,3,1,1,40-15,0,0,1,0,1,1,,,3
1012,20180106,Hopman_Cup,Roger_Federer,Alexander_Zverev,146,1,1,1,1,0-15,1,22,1,0,,2,1,AZ,5 r39 b2 s2 b3 b3; b3 b1 f1 f3x@,,,5r39b2s2b3b3;b3b1f1f3x@,,0,,5r39b2s2b3b3;b3b1f1f3x@,,1,,1,0,5,,r39b2s2b3b3;b3b1f1f3x@,False,False,False,False,True,False,r39b2s2b3b3b3b1f1f3x,r39b2s2b3b3b3b1f1f3,rbsbbbbff,9,2,1,15-15,0,1,1,0,1,1,,,9
1016,20180106,Hopman_Cup,Roger_Federer,Alexander_Zverev,150,1,1,1,1,30-40,1,22,1,0,,2,1,AZ,5 s39 b2 s1 f1 f3 b3 s3 b3 s2 f3 b2d@,,,5s39b2s1f1f3b3s3b3s2f3b2d@,,0,,5s39b2s1f1f3b3s3b3s2f3b2d@,,1,,1,0,5,,s39b2s1f1f3b3s3b3s2f3b2d@,False,False,False,False,True,False,s39b2s1f1f3b3s3b3s2f3b2d,s39b2s1f1f3b3s3b3s2f3b2,sbsffbsbsfb,11,2,1,40-40,0,1,1,0,1,1,,,11
1020,20180106,Hopman_Cup,Roger_Federer,Alexander_Zverev,154,1,1,2,1,15-0,1,23,1,0,,1,2,RF,4+ b27 h1 r-#,,,4+b27h1r-#,,1,,4b27h1r-#,,1,,1,0,4,,b27h1r-#,False,False,False,True,False,False,b27h1r,b27h1r,bhr,3,1,1,30-0,0,2,1,0,1,1,,,3
1025,20180106,Hopman_Cup,Roger_Federer,Alexander_Zverev,159,1,1,3,1,15-0,1,24,1,0,,2,1,AZ,6 f29 b2y2n@,,,6f29b2y2n@,,0,,6f29b2y2n@,,1,,1,0,6,,f29b2y2n@,False,False,False,False,True,False,f29b2y2n,f29b2y2,fby,3,2,1,30-0,0,3,1,0,1,1,,,3
1031,20180106,Hopman_Cup,Roger_Federer,Alexander_Zverev,165,1,1,3,1,40-AD,1,24,1,0,,2,1,AZ,5+ s37 b-1 f3n#,,,5+s37b-1f3n#,,1,,5s37b-1f3n#,,1,,1,0,5,,s37b-1f3n#,False,False,False,True,False,False,s37b1f3n,s37b1f3,sbf,3,2,1,40-40,0,3,1,0,1,1,,,3
1043,20180106,Hopman_Cup,Roger_Federer,Alexander_Zverev,177,1,1,5,1,30-40,1,26,1,0,,2,1,AZ,4 m37 o1*,,,4m37o1*,,0,,4m37o1*,,1,,1,0,4,,m37o1*,False,False,True,False,False,False,m37o1,m37o1,mo,2,2,1,40-40,0,5,1,0,1,1,,,3
1047,20180106,Hopman_Cup,Roger_Federer,Alexander_Zverev,181,1,1,5,1,AD-40,1,26,1,0,,2,1,AZ,4 s29 b3 b2n@,,,4s29b3b2n@,,0,,4s29b3b2n@,,1,,1,0,4,,s29b3b2n@,False,False,False,False,True,False,s29b3b2n,s29b3b2,sbb,3,2,1,GM,2,5,2,0,1,1,,,3
1055,20170401,Miami_Masters,Roger_Federer,Nick_Kyrgios,4,0,0,0,0,30-15,1,1,1,0,,1,2,RF,4 b28 f1 f2d#,,,4b28f1f2d#,,0,,4b28f1f2d#,,1,,1,0,4,,b28f1f2d#,False,False,False,True,False,False,b28f1f2d,b28f1f2,bff,3,1,1,40-15,0,0,0,0,0,0,,,3
1064,20170401,Miami_Masters,Roger_Federer,Nick_Kyrgios,13,0,0,1,0,40-AD,1,2,1,0,,2,1,NK,5 f39 b3 b2 f1 f2 b2 f3w@,,,5f39b3b2f1f2b2f3w@,,0,,5f39b3b2f1f2b2f3w@,,1,,1,0,5,,f39b3b2f1f2b2f3w@,False,False,False,False,True,False,f39b3b2f1f2b2f3w,f39b3b2f1f2b2f3,fbbffbf,7,2,1,40-40,0,1,0,0,0,0,,,7
1066,20170401,Miami_Masters,Roger_Federer,Nick_Kyrgios,15,0,0,1,0,AD-40,1,2,1,0,,2,1,NK,5 f28 f2 f1 f1 f1n@,,,5f28f2f1f1f1n@,,0,,5f28f2f1f1f1n@,,1,,1,0,5,,f28f2f1f1f1n@,False,False,False,False,True,False,f28f2f1f1f1n,f28f2f1f1f1,fffff,5,2,1,GM,2,1,1,0,0,0,,,5
1081,20170401,Miami_Masters,Roger_Federer,Nick_Kyrgios,30,0,0,2,1,40-AD,1,4,1,0,,2,1,NK,4 s27 f+1 l1d#,,,4s27f+1l1d#,,0,,4s27f+1l1d#,,1,,1,0,4,,s27f+1l1d#,False,False,False,True,False,False,s27f1l1d,s27f1l1,sfl,3,2,1,40-40,0,2,1,0,0,0,,,3
1089,20170401,Miami_Masters,Roger_Federer,Nick_Kyrgios,38,0,0,2,2,15-0,1,5,1,0,,1,2,RF,4 b37 b3 b3 b3 b1 f2 b2 f2u3n@,,,4b37b3b3b3b1f2b2f2u3n@,,0,,4b37b3b3b3b1f2b2f2u3n@,,1,,1,0,4,,b37b3b3b3b1f2b2f2u3n@,False,False,False,False,True,False,b37b3b3b3b1f2b2f2u3n,b37b3b3b3b1f2b2f2u3,bbbbbfbfu,9,1,1,30-0,0,2,2,0,0,0,,,9
1095,20170401,Miami_Masters,Roger_Federer,Nick_Kyrgios,44,0,0,3,2,30-15,1,6,1,0,,2,1,NK,5 f28 f2 b2 b3 f3n@,,,5f28f2b2b3f3n@,,0,,5f28f2b2b3f3n@,,1,,1,0,5,,f28f2b2b3f3n@,False,False,False,False,True,False,f28f2b2b3f3n,f28f2b2b3f3,ffbbf,5,2,1,40-15,0,3,2,0,0,0,,,5
1101,20170401,Miami_Masters,Roger_Federer,Nick_Kyrgios,50,0,0,3,3,15-40,1,7,1,0,,1,2,RF,4+ f+27 v1*,,,4+f+27v1*,,1,,4f+27v1*,,1,,1,0,4,,f+27v1*,False,False,True,False,False,False,f27v1,f27v1,fv,2,1,1,30-40,0,3,3,0,0,0,,,3
1145,20170401,Miami_Masters,Roger_Federer,Nick_Kyrgios,114,1,0,0,1,30-15,1,15,1,0,,1,2,RF,4 s38 f2 f1n#,,,4s38f2f1n#,,0,,4s38f2f1n#,,1,,1,0,4,,s38f2f1n#,False,False,False,True,False,False,s38f2f1n,s38f2f1,sff,3,1,1,40-15,0,0,1,0,1,0,,,3
1149,20170401,Miami_Masters,Roger_Federer,Nick_Kyrgios,118,1,0,0,1,AD-40,1,15,1,0,,1,2,RF,5+ b27 z1 f2n#,,,5+b27z1f2n#,,1,,5b27z1f2n#,,1,,1,0,5,,b27z1f2n#,False,False,False,True,False,False,b27z1f2n,b27z1f2,bzf,3,1,1,GM,1,1,1,0,1,0,,,3
1156,20170401,Miami_Masters,Roger_Federer,Nick_Kyrgios,125,1,0,1,2,15-0,1,17,1,0,,1,2,RF,6+ f27 h3 b1 v1*,,,6+f27h3b1v1*,,1,,6f27h3b1v1*,,1,,1,0,6,,f27h3b1v1*,False,False,True,False,False,False,f27h3b1v1,f27h3b1v1,fhbv,4,1,1,30-0,0,1,2,0,1,0,,,5
1160,20170401,Miami_Masters,Roger_Federer,Nick_Kyrgios,129,1,0,2,2,15-0,1,18,1,0,,2,1,NK,4+ s27 v1 f#,,,4+s27v1f#,,1,,4s27v1f#,,1,,1,0,4,,s27v1f#,False,False,False,True,False,False,s27v1f,s27v1f,svf,3,2,1,30-0,0,2,2,0,1,0,,,3
1162,20170401,Miami_Masters,Roger_Federer,Nick_Kyrgios,131,1,0,2,2,40-0,1,18,1,0,,2,1,NK,4+ b37 z2 b1d@,,,4+b37z2b1d@,,1,,4b37z2b1d@,,1,,1,0,4,,b37z2b1d@,False,False,False,False,True,False,b37z2b1d,b37z2b1,bzb,3,2,1,GM,2,2,3,0,1,0,,,3
1176,20170401,Miami_Masters,Roger_Federer,Nick_Kyrgios,145,1,0,3,4,15-0,1,21,1,0,,1,2,RF,6 f28 f1 f3w@,,,6f28f1f3w@,,0,,6f28f1f3w@,,1,,1,0,6,,f28f1f3w@,False,False,False,False,True,False,f28f1f3w,f28f1f3,fff,3,1,1,30-0,0,3,4,0,1,0,,,3
1183,20170401,Miami_Masters,Roger_Federer,Nick_Kyrgios,152,1,0,4,4,40-15,1,22,1,0,,2,1,NK,4+ f18 v3 b3w@,,,4+f18v3b3w@,,1,,4f18v3b3w@,,1,,1,0,4,,f18v3b3w@,False,False,False,False,True,False,f18v3b3w,f18v3b3,fvb,3,2,1,GM,2,4,5,0,1,0,,,3
1187,20170401,Miami_Masters,Roger_Federer,Nick_Kyrgios,156,1,0,4,5,40-0,1,23,1,0,,1,2,RF,4 b37 f3*,,,4b37f3*,,0,,4b37f3*,,1,,1,0,4,,b37f3*,False,False,True,False,False,False,b37f3,b37f3,bf,2,1,1,GM,1,5,5,0,1,0,,,3
1201,20170401,Miami_Masters,Roger_Federer,Nick_Kyrgios,170,1,0,5,6,30-15,1,25,1,0,,1,2,RF,5 f38 f3 b2 f2 f1 f1 r2 f+1 f2d@,,,5f38f3b2f2f1f1r2f+1f2d@,,0,,5f38f3b2f2f1f1r2f+1f2d@,,1,,1,0,5,,f38f3b2f2f1f1r2f+1f2d@,False,False,False,False,True,False,f38f3b2f2f1f1r2f1f2d,f38f3b2f2f1f1r2f1f2,ffbfffrff,9,1,1,40-15,0,5,6,0,1,0,,,9
1204,20170401,Miami_Masters,Roger_Federer,Nick_Kyrgios,193,1,1,0,0,15-0,1,27,1,0,,1,2,RF,4 b38 s1 f1w@,,,4b38s1f1w@,,0,,4b38s1f1w@,,1,,1,0,4,,b38s1f1w@,False,False,False,False,True,False,b38s1f1w,b38s1f1,bsf,3,1,1,30-0,0,0,0,0,1,1,,,3
1206,20170401,Miami_Masters,Roger_Federer,Nick_Kyrgios,195,1,1,0,0,40-0,1,27,1,0,,1,2,RF,4 b28 f3*,,,4b28f3*,,0,,4b28f3*,,1,,1,0,4,,b28f3*,False,False,True,False,False,False,b28f3,b28f3,bf,2,1,1,GM,1,1,0,0,1,1,,,3
1210,20170401,Miami_Masters,Roger_Federer,Nick_Kyrgios,199,1,1,1,0,30-15,1,28,1,0,,2,1,NK,4 s28 f+3 b3w#,,,4s28f+3b3w#,,0,,4s28f+3b3w#,,1,,1,0,4,,s28f+3b3w#,False,False,False,True,False,False,s28f3b3w,s28f3b3,sfb,3,2,1,40-15,0,1,0,0,1,1,,,3
1215,20170401,Miami_Masters,Roger_Federer,Nick_Kyrgios,204,1,1,1,1,30-15,1,29,1,0,,1,2,RF,4 b28 f1 f2 f3 b3 b2 f3w@,,,4b28f1f2f3b3b2f3w@,,0,,4b28f1f2f3b3b2f3w@,,1,,1,0,4,,b28f1f2f3b3b2f3w@,False,False,False,False,True,False,b28f1f2f3b3b2f3w,b28f1f2f3b3b2f3,bfffbbf,7,1,1,40-15,0,1,1,0,1,1,,,7
1219,20170401,Miami_Masters,Roger_Federer,Nick_Kyrgios,208,1,1,2,1,15-0,1,30,1,0,,2,1,NK,4 s38 f3 s3 f3 b1 f1 f+3 b3 z1n#,,,4s38f3s3f3b1f1f+3b3z1n#,,0,,4s38f3s3f3b1f1f+3b3z1n#,,1,,1,0,4,,s38f3s3f3b1f1f+3b3z1n#,False,False,False,True,False,False,s38f3s3f3b1f1f3b3z1n,s38f3s3f3b1f1f3b3z1,sfsfbffbz,9,2,1,30-0,0,2,1,0,1,1,,,9
1243,20170401,Miami_Masters,Roger_Federer,Nick_Kyrgios,232,1,1,3,3,40-15,1,33,1,0,,1,2,RF,4 r28 f+3 b2 z2*,,,4r28f+3b2z2*,,0,,4r28f+3b2z2*,,1,,1,0,4,,r28f+3b2z2*,False,False,True,False,False,False,r28f3b2z2,r28f3b2z2,rfbz,4,1,1,GM,1,4,3,0,1,1,,,5
1245,20170401,Miami_Masters,Roger_Federer,Nick_Kyrgios,234,1,1,4,3,15-0,1,34,1,0,,2,1,NK,5 f328 b3 f1 f2 f1d@,,,5f328b3f1f2f1d@,,0,,5f328b3f1f2f1d@,,1,,1,0,5,,f328b3f1f2f1d@,False,False,False,False,True,False,f328b3f1f2f1d,f328b3f1f2f1,fbfff,5,2,1,30-0,0,4,3,0,1,1,,,5
1247,20170401,Miami_Masters,Roger_Federer,Nick_Kyrgios,236,1,1,4,3,40-0,1,34,1,0,,2,1,NK,4+ b38 v1*,,,4+b38v1*,,1,,4b38v1*,,1,,1,0,4,,b38v1*,False,False,True,False,False,False,b38v1,b38v1,bv,2,2,1,GM,2,4,4,0,1,1,,,3
1251,20170401,Miami_Masters,Roger_Federer,Nick_Kyrgios,240,1,1,4,4,30-15,1,35,1,0,,1,2,RF,4 b38 f3 s2 f+2 f2 v1 f2n#,,,4b38f3s2f+2f2v1f2n#,,0,,4b38f3s2f+2f2v1f2n#,,1,,1,0,4,,b38f3s2f+2f2v1f2n#,False,False,False,True,False,False,b38f3s2f2f2v1f2n,b38f3s2f2f2v1f2,bfsffvf,7,1,1,40-15,0,4,4,0,1,1,,,7
1260,20170401,Miami_Masters,Roger_Federer,Nick_Kyrgios,249,1,1,5,4,AD-40,1,36,1,0,,2,1,NK,4+ s28 v1*,,,4+s28v1*,,1,,4s28v1*,,1,,1,0,4,,s28v1*,False,False,True,False,False,False,s28v1,s28v1,sv,2,2,1,GM,2,5,5,0,1,1,,,3
1271,20170319,Indian_Wells_Masters,Roger_Federer,Stanislas_Wawrinka,2,0,0,0,0,15-0,1,1,1,0,,1,2,RF,4 b28 f2 f2 f1 f2 s2 f3 b1*,,,4b28f2f2f1f2s2f3b1*,,0,,4b28f2f2f1f2s2f3b1*,,1,,1,0,4,,b28f2f2f1f2s2f3b1*,False,False,True,False,False,False,b28f2f2f1f2s2f3b1,b28f2f2f1f2s2f3b1,bffffsfb,8,1,1,30-0,0,0,0,0,0,0,,,9
1290,20170319,Indian_Wells_Masters,Roger_Federer,Stanislas_Wawrinka,21,0,0,2,1,40-30,1,4,1,0,,2,1,SW,4 b27 f1*,,,4b27f1*,,0,,4b27f1*,,1,,1,0,4,,b27f1*,False,False,True,False,False,False,b27f1,b27f1,bf,2,2,1,GM,2,2,2,0,0,0,,,3
1294,20170319,Indian_Wells_Masters,Roger_Federer,Stanislas_Wawrinka,25,0,0,2,2,30-15,1,5,1,0,,1,2,RF,5 r28 f+1 f3 z3*,,,5r28f+1f3z3*,,0,,5r28f+1f3z3*,,1,,1,0,5,,r28f+1f3z3*,False,False,True,False,False,False,r28f1f3z3,r28f1f3z3,rffz,4,1,1,40-15,0,2,2,0,0,0,,,5
1305,20170319,Indian_Wells_Masters,Roger_Federer,Stanislas_Wawrinka,36,0,0,3,3,40-0,1,7,1,0,,1,2,RF,4 b29 f3 s3 s+3 m2 o3*,,,4b29f3s3s+3m2o3*,,0,,4b29f3s3s+3m2o3*,,1,,1,0,4,,b29f3s3s+3m2o3*,False,False,True,False,False,False,b29f3s3s3m2o3,b29f3s3s3m2o3,bfssmo,6,1,1,GM,1,4,3,0,0,0,,,7
1307,20170319,Indian_Wells_Masters,Roger_Federer,Stanislas_Wawrinka,38,0,0,4,3,15-0,1,8,1,0,,2,1,SW,4 b29 f2y+1 r1 l2 o=2*,,,4b29f2y+1r1l2o=2*,,0,,4b29f2y+1r1l2o=2*,,1,,1,0,4,,b29f2y+1r1l2o=2*,False,False,True,False,False,False,b29f2y1r1l2o2,b29f2y1r1l2o2,bfyrlo,6,2,1,30-0,0,4,3,0,0,0,,,7
1335,20170319,Indian_Wells_Masters,Roger_Federer,Stanislas_Wawrinka,66,1,0,0,1,40-AD,1,12,1,0,,2,1,SW,6 r27 f+1 f2d#,,Wawrinka challenged correctly,6r27f+1f2d#,,0,,6r27f+1f2d#,,1,,1,0,6,,r27f+1f2d#,False,False,False,True,False,False,r27f1f2d,r27f1f2,rff,3,2,1,40-40,0,0,1,0,1,0,,,3
1344,20170319,Indian_Wells_Masters,Roger_Federer,Stanislas_Wawrinka,75,1,0,0,2,40-15,1,13,1,0,,1,2,RF,4+ f27 f3*,,,4+f27f3*,,1,,4f27f3*,,1,,1,0,4,,f27f3*,False,False,True,False,False,False,f27f3,f27f3,ff,2,1,1,GM,1,1,2,0,1,0,,,3
1363,20170319,Indian_Wells_Masters,Roger_Federer,Stanislas_Wawrinka,94,1,0,3,2,AD-40,1,16,1,0,,2,1,SW,4 b28 f1*,,,4b28f1*,,0,,4b28f1*,,1,,1,0,4,,b28f1*,False,False,True,False,False,False,b28f1,b28f1,bf,2,2,1,GM,2,3,3,0,1,0,,,3
1365,20170319,Indian_Wells_Masters,Roger_Federer,Stanislas_Wawrinka,96,1,0,3,3,0-15,1,17,1,0,,1,2,RF,4 s27 f+1 f1w#,,,4s27f+1f1w#,,0,,4s27f+1f1w#,,1,,1,0,4,,s27f+1f1w#,False,False,False,True,False,False,s27f1f1w,s27f1f1,sff,3,1,1,15-15,0,3,3,0,1,0,,,3
1373,20170319,Indian_Wells_Masters,Roger_Federer,Stanislas_Wawrinka,104,1,0,4,3,30-15,1,18,1,0,,2,1,SW,4 b38 b3 s1 f2 b3w@,,,4b38b3s1f2b3w@,,0,,4b38b3s1f2b3w@,,1,,1,0,4,,b38b3s1f2b3w@,False,False,False,False,True,False,b38b3s1f2b3w,b38b3s1f2b3,bbsfb,5,2,1,40-15,0,4,3,0,1,0,,,5
1378,20170319,Indian_Wells_Masters,Roger_Federer,Stanislas_Wawrinka,109,1,0,4,4,40-0,1,19,1,0,,1,2,RF,5+ r28 z3 b2 z1*,,,5+r28z3b2z1*,,1,,5r28z3b2z1*,,1,,1,0,5,,r28z3b2z1*,False,False,True,False,False,False,r28z3b2z1,r28z3b2z1,rzbz,4,1,1,GM,1,5,4,0,1,0,,,5
1386,20170319,Indian_Wells_Masters,Roger_Federer,Stanislas_Wawrinka,117,1,0,5,5,15-0,1,21,1,0,,1,2,RF,4 b27 o3*,,,4b27o3*,,0,,4b27o3*,,1,,1,0,4,,b27o3*,False,False,True,False,False,False,b27o3,b27o3,bo,2,1,1,30-0,0,5,5,0,1,0,,,3
1405,20170126,Australian_Open,Roger_Federer,Stanislas_Wawrinka,7,0,0,1,0,0-15,1,2,1,0,,2,1,SW,6 f27 f1 f1 f1 f1 f2 b3n@,,,6f27f1f1f1f1f2b3n@,,0,,6f27f1f1f1f1f2b3n@,,1,,1,0,6,,f27f1f1f1f1f2b3n@,False,False,False,False,True,False,f27f1f1f1f1f2b3n,f27f1f1f1f1f2b3,ffffffb,7,2,1,15-15,0,1,0,0,0,0,,,7
1408,20170126,Australian_Open,Roger_Federer,Stanislas_Wawrinka,10,0,0,1,0,40-15,1,2,1,0,,2,1,SW,5 b28 b3*,,,5b28b3*,,0,,5b28b3*,,1,,1,0,5,,b28b3*,False,False,True,False,False,False,b28b3,b28b3,bb,2,2,1,GM,2,1,1,0,0,0,,,3
1416,20170126,Australian_Open,Roger_Federer,Stanislas_Wawrinka,18,0,0,1,1,AD-40,1,3,1,0,,1,2,RF,5 s28 f1 f2 f3 s3 z-3 b-3 z1 f=2 v3*,,,5s28f1f2f3s3z-3b-3z1f=2v3*,,0,,5s28f1f2f3s3z-3b-3z1f=2v3*,,1,,1,0,5,,s28f1f2f3s3z-3b-3z1f=2v3*,False,False,True,False,False,False,s28f1f2f3s3z3b3z1f2v3,s28f1f2f3s3z3b3z1f2v3,sfffszbzfv,10,1,1,GM,1,2,1,0,0,0,,,11
1421,20170126,Australian_Open,Roger_Federer,Stanislas_Wawrinka,23,0,0,2,1,15-40,1,4,1,0,,2,1,SW,6 s28 f1*,,,6s28f1*,,0,,6s28f1*,,1,,1,0,6,,s28f1*,False,False,True,False,False,False,s28f1,s28f1,sf,2,2,1,30-40,0,2,1,0,0,0,,,3
1446,20170126,Australian_Open,Roger_Federer,Stanislas_Wawrinka,48,0,0,3,3,0-15,1,7,1,0,,1,2,RF,6 r28 f+3 s2 o1*,,,6r28f+3s2o1*,,0,,6r28f+3s2o1*,,1,,1,0,6,,r28f+3s2o1*,False,False,True,False,False,False,r28f3s2o1,r28f3s2o1,rfso,4,1,1,15-15,0,3,3,0,0,0,,,5
1450,20170126,Australian_Open,Roger_Federer,Stanislas_Wawrinka,52,0,0,3,3,40-30,1,7,1,0,,1,2,RF,4 s28 f1 r1 f1 f2 b3*,,,4s28f1r1f1f2b3*,,0,,4s28f1r1f1f2b3*,,1,,1,0,4,,s28f1r1f1f2b3*,False,False,True,False,False,False,s28f1r1f1f2b3,s28f1r1f1f2b3,sfrffb,6,1,1,GM,1,4,3,0,0,0,,,7
1460,20170126,Australian_Open,Roger_Federer,Stanislas_Wawrinka,62,0,0,4,4,40-0,1,9,1,0,,1,2,RF,5+ s27 i1 l2 o1*,,,5+s27i1l2o1*,,1,,5s27i1l2o1*,,1,,1,0,5,,s27i1l2o1*,False,False,True,False,False,False,s27i1l2o1,s27i1l2o1,silo,4,1,1,GM,1,5,4,0,0,0,,,5
1466,20170126,Australian_Open,Roger_Federer,Stanislas_Wawrinka,68,0,0,5,4,40-30,1,10,1,0,,2,1,SW,5 s38 b3 b1 f3 b;+2 f1*,,,5s38b3b1f3b;+2f1*,,0,,5s38b3b1f3b;+2f1*,,1,,1,0,5,,s38b3b1f3b;+2f1*,False,False,True,False,False,False,s38b3b1f3b2f1,s38b3b1f3b2f1,sbbfbf,6,2,1,GM,2,5,5,0,0,0,,,7
1468,20170126,Australian_Open,Roger_Federer,Stanislas_Wawrinka,70,0,0,5,5,0-15,1,11,1,0,,1,2,RF,6+ r27 z3 m2 o2*,,,6+r27z3m2o2*,,1,,6r27z3m2o2*,,1,,1,0,6,,r27z3m2o2*,False,False,True,False,False,False,r27z3m2o2,r27z3m2o2,rzmo,4,1,1,15-15,0,5,5,0,0,0,,,5
1470,20170126,Australian_Open,Roger_Federer,Stanislas_Wawrinka,72,0,0,5,5,15-30,1,11,1,0,,1,2,RF,6+ r27 v3 s3 z1 f1n#,,,6+r27v3s3z1f1n#,,1,,6r27v3s3z1f1n#,,1,,1,0,6,,r27v3s3z1f1n#,False,False,False,True,False,False,r27v3s3z1f1n,r27v3s3z1f1,rvszf,5,1,1,30-30,0,5,5,0,0,0,,,5
1484,20170126,Australian_Open,Roger_Federer,Stanislas_Wawrinka,86,1,0,0,0,30-15,1,13,1,0,,1,2,RF,4 b38 b2 r2w#,,,4b38b2r2w#,,0,,4b38b2r2w#,,1,,1,0,4,,b38b2r2w#,False,False,False,True,False,False,b38b2r2w,b38b2r2,bbr,3,1,1,40-15,0,0,0,0,1,0,,,3
1488,20170126,Australian_Open,Roger_Federer,Stanislas_Wawrinka,90,1,0,1,0,15-0,1,14,1,0,,2,1,SW,4 s37 f3*,,,4s37f3*,,0,,4s37f3*,,1,,1,0,4,,s37f3*,False,False,True,False,False,False,s37f3,s37f3,sf,2,2,1,30-0,0,1,0,0,1,0,,,3
1491,20170126,Australian_Open,Roger_Federer,Stanislas_Wawrinka,93,1,0,1,0,40-15,1,14,1,0,,2,1,SW,5 b28 b2 f2n@,,,5b28b2f2n@,,0,,5b28b2f2n@,,1,,1,0,5,,b28b2f2n@,False,False,False,False,True,False,b28b2f2n,b28b2f2,bbf,3,2,1,GM,2,1,1,0,1,0,,,3
1495,20170126,Australian_Open,Roger_Federer,Stanislas_Wawrinka,97,1,0,1,1,15-30,1,15,1,0,,1,2,RF,6 r37 f+3 s1 v1*,,,6r37f+3s1v1*,,0,,6r37f+3s1v1*,,1,,1,0,6,,r37f+3s1v1*,False,False,True,False,False,False,r37f3s1v1,r37f3s1v1,rfsv,4,1,1,30-30,0,1,1,0,1,0,,,5
1497,20170126,Australian_Open,Roger_Federer,Stanislas_Wawrinka,99,1,0,1,1,40-30,1,15,1,0,,1,2,RF,4 s37 b+1 f2 v2*,,,4s37b+1f2v2*,,0,,4s37b+1f2v2*,,1,,1,0,4,,s37b+1f2v2*,False,False,True,False,False,False,s37b1f2v2,s37b1f2v2,sbfv,4,1,1,GM,1,2,1,0,1,0,,,5
1503,20170126,Australian_Open,Roger_Federer,Stanislas_Wawrinka,105,1,0,2,1,40-30,1,16,1,0,,2,1,SW,6 f18 f1*,,,6f18f1*,,0,,6f18f1*,,1,,1,0,6,,f18f1*,False,False,True,False,False,False,f18f1,f18f1,ff,2,2,1,GM,2,2,2,0,1,0,,,3
1513,20170126,Australian_Open,Roger_Federer,Stanislas_Wawrinka,115,1,0,3,2,15-40,1,18,1,0,,2,1,SW,5 r17 f3*,,,5r17f3*,,0,,5r17f3*,,1,,1,0,5,,r17f3*,False,False,True,False,False,False,r17f3,r17f3,rf,2,2,1,30-40,0,3,2,0,1,0,,,3
1521,20170126,Australian_Open,Roger_Federer,Stanislas_Wawrinka,123,1,0,5,2,15-0,1,20,1,0,,2,1,SW,4 b39 f1 f+2 b2 z3n@,,,4b39f1f+2b2z3n@,,0,,4b39f1f+2b2z3n@,,1,,1,0,4,,b39f1f+2b2z3n@,False,False,False,False,True,False,b39f1f2b2z3n,b39f1f2b2z3,bffbz,5,2,1,30-0,0,5,2,0,1,0,,,5
1535,20170126,Australian_Open,Roger_Federer,Stanislas_Wawrinka,137,2,0,0,0,40-30,1,22,1,0,,2,1,SW,6 f28 f1 r2n#,,,6f28f1r2n#,,0,,6f28f1r2n#,,1,,1,0,6,,f28f1r2n#,False,False,False,True,False,False,f28f1r2n,f28f1r2,ffr,3,2,1,GM,2,0,1,0,2,0,,,3
1552,20170126,Australian_Open,Roger_Federer,Stanislas_Wawrinka,154,2,0,1,3,15-0,1,26,1,0,,2,1,SW,6 f38 b2 f2d@,,,6f38b2f2d@,,0,,6f38b2f2d@,,1,,1,0,6,,f38b2f2d@,False,False,False,False,True,False,f38b2f2d,f38b2f2,fbf,3,2,1,30-0,0,1,3,0,2,0,,,3
1594,20170126,Australian_Open,Roger_Federer,Stanislas_Wawrinka,196,2,1,2,2,40-15,1,33,1,0,,1,2,RF,6 s28 f2 b2 f2 f2 b2 f1 f1 f1 r1 f+1 f3*,,,6s28f2b2f2f2b2f1f1f1r1f+1f3*,,0,,6s28f2b2f2f2b2f1f1f1r1f+1f3*,,1,,1,0,6,,s28f2b2f2f2b2f1f1f1r1f+1f3*,False,False,True,False,False,False,s28f2b2f2f2b2f1f1f1r1f1f3,s28f2b2f2f2b2f1f1f1r1f1f3,sfbffbfffrff,12,1,1,GM,1,3,2,0,2,1,,,13
1596,20170126,Australian_Open,Roger_Federer,Stanislas_Wawrinka,198,2,1,3,2,15-0,1,34,1,0,,2,1,SW,4 s38 f1 f3d#,,,4s38f1f3d#,,0,,4s38f1f3d#,,1,,1,0,4,,s38f1f3d#,False,False,False,True,False,False,s38f1f3d,s38f1f3,sff,3,2,1,30-0,0,3,2,0,2,1,,,3
1606,20170126,Australian_Open,Roger_Federer,Stanislas_Wawrinka,208,2,1,4,3,15-0,1,36,1,0,,2,1,SW,5 s27 f3*,,,5s27f3*,,0,,5s27f3*,,1,,1,0,5,,s27f3*,False,False,True,False,False,False,s27f3,s27f3,sf,2,2,1,30-0,0,4,3,0,2,1,,,3
1649,20170126,Australian_Open,Roger_Federer,Stanislas_Wawrinka,251,2,2,2,2,30-15,1,43,0,0,,1,2,RF,4+ s37 z1 f!#,,,4+s37z1f!#,,1,,4s37z1f!#,,1,,1,0,4,,s37z1f!#,False,False,False,True,False,False,s37z1f!,s37z1f,szf,3,1,1,40-15,0,2,2,0,2,2,,,3
1655,20170126,Australian_Open,Roger_Federer,Stanislas_Wawrinka,257,2,2,2,2,40-AD,1,43,0,0,,1,2,RF,4 s39 f3 b3 b3 b3n@,,,4s39f3b3b3b3n@,,0,,4s39f3b3b3b3n@,,1,,1,0,4,,s39f3b3b3b3n@,False,False,False,False,True,False,s39f3b3b3b3n,s39f3b3b3b3,sfbbb,5,1,1,40-40,0,2,2,0,2,2,,,5
1657,20170126,Australian_Open,Roger_Federer,Stanislas_Wawrinka,259,2,2,2,2,AD-40,1,43,0,0,,1,2,RF,4+ s37 s1 f3n#,,,4+s37s1f3n#,,1,,4s37s1f3n#,,1,,1,0,4,,s37s1f3n#,False,False,False,True,False,False,s37s1f3n,s37s1f3,ssf,3,1,1,GM,1,3,2,0,2,2,,,3
1667,20170126,Australian_Open,Roger_Federer,Stanislas_Wawrinka,269,2,2,4,2,40-15,1,45,0,0,,1,2,RF,4 f18 f+3 m2 o1*,,,4f18f+3m2o1*,,0,,4f18f+3m2o1*,,1,,1,0,4,,f18f+3m2o1*,False,False,True,False,False,False,f18f3m2o1,f18f3m2o1,ffmo,4,1,1,GM,1,5,2,0,2,2,,,5
1678,20170124,Australian_Open,Roger_Federer,Mischa_Zverev,2,0,0,0,0,15-0,1,1,1,0,,1,2,RF,5 f38 f+3*,,,5f38f+3*,,0,,5f38f+3*,,1,,1,0,5,,f38f+3*,False,False,True,False,False,False,f38f3,f38f3,ff,2,1,1,30-0,0,0,0,0,0,0,,,3
1682,20170124,Australian_Open,Roger_Federer,Mischa_Zverev,6,0,0,1,0,15-0,1,2,1,0,,2,1,MZ,6+ f28 z;3 b+3n@,,Despite the net-cord on the preceding shot (z;3) RF's backhand (b+3) was an unforced error,6+f28z;3b+3n@,,1,,6f28z;3b+3n@,,1,,1,0,6,,f28z;3b+3n@,False,False,False,False,True,False,f28z3b3n,f28z3b3,fzb,3,2,1,30-0,0,1,0,0,0,0,,,3
1715,20170124,Australian_Open,Roger_Federer,Mischa_Zverev,39,0,0,5,1,AD-40,1,7,1,0,,1,2,RF,6+ b28 v1 m3 p3*,,Total time for Set 1: 19 minutes,6+b28v1m3p3*,,1,,6b28v1m3p3*,,1,,1,0,6,,b28v1m3p3*,False,False,True,False,False,False,b28v1m3p3,b28v1m3p3,bvmp,4,1,1,GM,1,6,1,1,1,0,,,5
1717,20170124,Australian_Open,Roger_Federer,Mischa_Zverev,41,1,0,0,0,15-0,1,8,1,0,,2,1,MZ,4+ b28 z1*,,,4+b28z1*,,1,,4b28z1*,,1,,1,0,4,,b28z1*,False,False,True,False,False,False,b28z1,b28z1,bz,2,2,1,30-0,0,0,0,0,1,0,,,3
1726,20170124,Australian_Open,Roger_Federer,Mischa_Zverev,50,1,0,0,1,40-30,1,9,1,0,,1,2,RF,c4 f28 f1*,,Challenge by RF - successful; it is worth noting that RF's initial serve was a clean ace and was called a let by the chair umpire without an audible beep from the electronic sensor,4f28f1*,,0,,4f28f1*,,1,,1,0,4,,f28f1*,False,False,True,False,False,False,f28f1,f28f1,ff,2,1,1,GM,1,1,1,0,1,0,,,3
1739,20170124,Australian_Open,Roger_Federer,Mischa_Zverev,63,1,0,1,3,15-40,1,12,1,0,,2,1,MZ,6+ b38 v3 b2 z2 l2 o3 s2 o1*,,,6+b38v3b2z2l2o3s2o1*,,1,,6b38v3b2z2l2o3s2o1*,,1,,1,0,6,,b38v3b2z2l2o3s2o1*,False,False,True,False,False,False,b38v3b2z2l2o3s2o1,b38v3b2z2l2o3s2o1,bvbzloso,8,2,1,30-40,0,1,3,0,1,0,,,9
1742,20170124,Australian_Open,Roger_Federer,Mischa_Zverev,66,1,0,2,3,15-0,1,13,1,0,,1,2,RF,6 s27 f-3*,,,6s27f-3*,,0,,6s27f-3*,,1,,1,0,6,,s27f-3*,False,False,True,False,False,False,s27f3,s27f3,sf,2,1,1,30-0,0,2,3,0,1,0,,,3
1753,20170124,Australian_Open,Roger_Federer,Mischa_Zverev,77,1,0,3,4,15-0,1,15,1,0,,1,2,RF,4 f27 f+1*,,MZ may have just nicked the ball at the end but it doesn't appear he did (and the outcome is the same regardless),4f27f+1*,,0,,4f27f+1*,,1,,1,0,4,,f27f+1*,False,False,True,False,False,False,f27f1,f27f1,ff,2,1,1,30-0,0,3,4,0,1,0,,,3
1757,20170124,Australian_Open,Roger_Federer,Mischa_Zverev,81,1,0,3,4,40-30,1,15,1,0,,1,2,RF,5 f27 f2 f1 f3 f2 b1 s1 f3 r2d#,,RF advanced behind his last shot (f3) when MZ was clearly going to hit a defensive chip in return - it was not a true approach shot (he initially moved back to a neutral position on the baseline),5f27f2f1f3f2b1s1f3r2d#,,0,,5f27f2f1f3f2b1s1f3r2d#,,1,,1,0,5,,f27f2f1f3f2b1s1f3r2d#,False,False,False,True,False,False,f27f2f1f3f2b1s1f3r2d,f27f2f1f3f2b1s1f3r2,fffffbsfr,9,1,1,GM,1,4,4,0,1,0,,,9
1765,20170124,Australian_Open,Roger_Federer,Mischa_Zverev,89,1,0,4,5,15-30,1,17,1,0,,1,2,RF,c6 s28 f+1*,,,6s28f+1*,,0,,6s28f+1*,,1,,1,0,6,,s28f+1*,False,False,True,False,False,False,s28f1,s28f1,sf,2,1,1,30-30,0,4,5,0,1,0,,,3
1785,20170124,Australian_Open,Roger_Federer,Mischa_Zverev,109,2,0,0,0,40-AD,1,20,1,0,,2,1,MZ,5+ f28 z1 f1 z3*,,,5+f28z1f1z3*,,1,,5f28z1f1z3*,,1,,1,0,5,,f28z1f1z3*,False,False,True,False,False,False,f28z1f1z3,f28z1f1z3,fzfz,4,2,1,40-40,0,0,0,0,2,0,,,5
1792,20170124,Australian_Open,Roger_Federer,Mischa_Zverev,116,2,0,0,1,40-15,1,21,1,0,,1,2,RF,4+ s18 o3*,,Lazy overhead winner,4+s18o3*,,1,,4s18o3*,,1,,1,0,4,,s18o3*,False,False,True,False,False,False,s18o3,s18o3,so,2,1,1,GM,1,1,1,0,2,0,,,3
1798,20170124,Australian_Open,Roger_Federer,Mischa_Zverev,122,2,0,1,1,40-30,1,22,1,0,,2,1,MZ,4+ b28 z;1 f3d#,,,4+b28z;1f3d#,,1,,4b28z;1f3d#,,1,,1,0,4,,b28z;1f3d#,False,False,False,True,False,False,b28z1f3d,b28z1f3,bzf,3,2,1,GM,2,1,2,0,2,0,,,3
1803,20170124,Australian_Open,Roger_Federer,Mischa_Zverev,127,2,0,1,2,40-15,1,23,1,0,,1,2,RF,6 f17 f+3*,,,6f17f+3*,,0,,6f17f+3*,,1,,1,0,6,,f17f+3*,False,False,True,False,False,False,f17f3,f17f3,ff,2,1,1,GM,1,2,2,0,2,0,,,3
1817,20170124,Australian_Open,Roger_Federer,Mischa_Zverev,141,2,0,3,2,30-15,1,25,1,0,,1,2,RF,6 b38 b2 f1n@,,,6b38b2f1n@,,0,,6b38b2f1n@,,1,,1,0,6,,b38b2f1n@,False,False,False,False,True,False,b38b2f1n,b38b2f1,bbf,3,1,1,40-15,0,3,2,0,2,0,,,3
1818,20170124,Australian_Open,Roger_Federer,Mischa_Zverev,142,2,0,3,2,40-15,1,25,1,0,,1,2,RF,4 s29 f3*,,New racquet for RF before next game; New balls,4s29f3*,,0,,4s29f3*,,1,,1,0,4,,s29f3*,False,False,True,False,False,False,s29f3,s29f3,sf,2,1,1,GM,1,4,2,0,2,0,,,3
1820,20170124,Australian_Open,Roger_Federer,Mischa_Zverev,144,2,0,4,2,0-15,1,26,1,0,,2,1,MZ,4+ s17 z3 k=3n#,,,4+s17z3k=3n#,,1,,4s17z3k=3n#,,1,,1,0,4,,s17z3k=3n#,False,False,False,True,False,False,s17z3k3n,s17z3k3,szk,3,2,1,15-15,0,4,2,0,2,0,,,3
1826,20170124,Australian_Open,Roger_Federer,Mischa_Zverev,150,2,0,4,2,40-AD,1,26,1,0,,2,1,MZ,4+ b38 v1 f3 v3*,,Very wide serve,4+b38v1f3v3*,,1,,4b38v1f3v3*,,1,,1,0,4,,b38v1f3v3*,False,False,True,False,False,False,b38v1f3v3,b38v1f3v3,bvfv,4,2,1,40-40,0,4,2,0,2,0,,,5
1840,20170124,Australian_Open,Roger_Federer,Mischa_Zverev,164,2,0,4,2,40-AD,1,26,1,0,,2,1,MZ,4+ b18 z1 f3d#,,RF's forehand (f3d) was a swinging half-volley,4+b18z1f3d#,,1,,4b18z1f3d#,,1,,1,0,4,,b18z1f3d#,False,False,False,True,False,False,b18z1f3d,b18z1f3,bzf,3,2,1,40-40,0,4,2,0,2,0,,,3
1852,20170124,Australian_Open,Roger_Federer,Mischa_Zverev,176,2,0,5,2,AD-40,1,27,1,0,,1,2,RF,4 f28 f1*,,Game Set & Match - R. Federer; time: 1:32,4f28f1*,,0,,4f28f1*,,1,,1,0,4,,f28f1*,False,False,True,False,False,False,f28f1,f28f1,ff,2,1,1,GM,1,6,2,1,3,0,,,3
1869,20170122,Australian_Open,Roger_Federer,Kei_Nishikori,17,0,0,0,1,40-15,1,2,1,0,,2,1,KN,6+ s27 z3 b3 z2*,,,6+s27z3b3z2*,,1,,6s27z3b3z2*,,1,,1,0,6,,s27z3b3z2*,False,False,True,False,False,False,s27z3b3z2,s27z3b3z2,szbz,4,2,1,GM,2,0,2,0,0,0,,,5
1875,20170122,Australian_Open,Roger_Federer,Kei_Nishikori,23,0,0,0,2,30-40,1,3,1,0,,1,2,RF,4 b39 f1*,,,4b39f1*,,0,,4b39f1*,,1,,1,0,4,,b39f1*,False,False,True,False,False,False,b39f1,b39f1,bf,2,1,1,40-40,0,0,2,0,0,0,,,3
1889,20170122,Australian_Open,Roger_Federer,Kei_Nishikori,37,0,0,0,4,0-15,1,5,1,0,,1,2,RF,5+ r27 v1 f#,,,5+r27v1f#,,1,,5r27v1f#,,1,,1,0,5,,r27v1f#,False,False,False,True,False,False,r27v1f,r27v1f,rvf,3,1,1,15-15,0,0,4,0,0,0,,,3
1899,20170122,Australian_Open,Roger_Federer,Kei_Nishikori,47,0,0,1,4,15-30,1,6,1,0,,2,1,KN,4 b37 b3 s2d#,,,4b37b3s2d#,,0,,4b37b3s2d#,,1,,1,0,4,,b37b3s2d#,False,False,False,True,False,False,b37b3s2d,b37b3s2,bbs,3,2,1,30-30,0,1,4,0,0,0,,,3
1913,20170122,Australian_Open,Roger_Federer,Kei_Nishikori,61,0,0,3,5,15-0,1,9,1,0,,1,2,RF,4+ s27 z3 b2 v1 l3x#,,,4+s27z3b2v1l3x#,,1,,4s27z3b2v1l3x#,,1,,1,0,4,,s27z3b2v1l3x#,False,False,False,True,False,False,s27z3b2v1l3x,s27z3b2v1l3,szbvl,5,1,1,30-0,0,3,5,0,0,0,,,5
1919,20170122,Australian_Open,Roger_Federer,Kei_Nishikori,67,0,0,4,5,15-30,1,10,1,0,,2,1,KN,6 f39 f2 f;1w@,,,6f39f2f;1w@,,0,,6f39f2f;1w@,,1,,1,0,6,,f39f2f;1w@,False,False,False,False,True,False,f39f2f1w,f39f2f1,fff,3,2,1,30-30,0,4,5,0,0,0,,,3
1921,20170122,Australian_Open,Roger_Federer,Kei_Nishikori,69,0,0,4,5,30-40,1,10,1,0,,2,1,KN,4 b39 b3 f2 f1 f3d#,,,4b39b3f2f1f3d#,,0,,4b39b3f2f1f3d#,,1,,1,0,4,,b39b3f2f1f3d#,False,False,False,True,False,False,b39b3f2f1f3d,b39b3f2f1f3,bbfff,5,2,1,40-40,0,4,5,0,0,0,,,5
1927,20170122,Australian_Open,Roger_Federer,Kei_Nishikori,75,0,0,5,5,30-15,1,11,1,0,,1,2,RF,4 b28 f2 f1 f1 f2 b2 f2 b+3 s1 v3 b2 z1*,,,4b28f2f1f1f2b2f2b+3s1v3b2z1*,,0,,4b28f2f1f1f2b2f2b+3s1v3b2z1*,,1,,1,0,4,,b28f2f1f1f2b2f2b+3s1v3b2z1*,False,False,True,False,False,False,b28f2f1f1f2b2f2b3s1v3b2z1,b28f2f1f1f2b2f2b3s1v3b2z1,bffffbfbsvbz,12,1,1,40-15,0,5,5,0,0,0,,,13
1937,20170122,Australian_Open,Roger_Federer,Kei_Nishikori,96,0,1,0,0,0-15,1,14,1,0,,2,1,KN,4 s38 b3 s1 f3 s3 b3 s3w@,,,4s38b3s1f3s3b3s3w@,,0,,4s38b3s1f3s3b3s3w@,,1,,1,0,4,,s38b3s1f3s3b3s3w@,False,False,False,False,True,False,s38b3s1f3s3b3s3w,s38b3s1f3s3b3s3,sbsfsbs,7,2,1,15-15,0,0,0,0,0,1,,,7
1939,20170122,Australian_Open,Roger_Federer,Kei_Nishikori,98,0,1,0,0,30-15,1,14,1,0,,2,1,KN,6 f29 b2 f+1 f1 v3n#,,,6f29b2f+1f1v3n#,,0,,6f29b2f+1f1v3n#,,1,,1,0,6,,f29b2f+1f1v3n#,False,False,False,True,False,False,f29b2f1f1v3n,f29b2f1f1v3,fbffv,5,2,1,40-15,0,0,0,0,0,1,,,5
1940,20170122,Australian_Open,Roger_Federer,Kei_Nishikori,99,0,1,0,0,40-15,1,14,1,0,,2,1,KN,5 s28 b1*,,,5s28b1*,,0,,5s28b1*,,1,,1,0,5,,s28b1*,False,False,True,False,False,False,s28b1,s28b1,sb,2,2,1,GM,2,0,1,0,0,1,,,3
1948,20170122,Australian_Open,Roger_Federer,Kei_Nishikori,107,0,1,1,1,15-30,1,16,1,0,,2,1,KN,6 f28 f1*,,,6f28f1*,,0,,6f28f1*,,1,,1,0,6,,f28f1*,False,False,True,False,False,False,f28f1,f28f1,ff,2,2,1,30-30,0,1,1,0,0,1,,,3
1952,20170122,Australian_Open,Roger_Federer,Kei_Nishikori,111,0,1,1,2,15-0,1,17,1,0,,1,2,RF,5+ b27 v1*,,,5+b27v1*,,1,,5b27v1*,,1,,1,0,5,,b27v1*,False,False,True,False,False,False,b27v1,b27v1,bv,2,1,1,30-0,0,1,2,0,0,1,,,3
1955,20170122,Australian_Open,Roger_Federer,Kei_Nishikori,114,0,1,1,2,40-15,1,17,1,0,,1,2,RF,4 f37 b3*,,,4f37b3*,,0,,4f37b3*,,1,,1,0,4,,f37b3*,False,False,True,False,False,False,f37b3,f37b3,fb,2,1,1,GM,1,2,2,0,0,1,,,3
1975,20170122,Australian_Open,Roger_Federer,Kei_Nishikori,134,0,1,3,3,30-40,1,20,1,0,,2,1,KN,4 s28 f1 f2 f3 b3 f3*,,,4s28f1f2f3b3f3*,,0,,4s28f1f2f3b3f3*,,1,,1,0,4,,s28f1f2f3b3f3*,False,False,True,False,False,False,s28f1f2f3b3f3,s28f1f2f3b3f3,sfffbf,6,2,1,40-40,0,3,3,0,0,1,,,7
1983,20170122,Australian_Open,Roger_Federer,Kei_Nishikori,142,0,1,5,3,15-0,1,22,1,0,,2,1,KN,c5 b17 f+3 b#,,,5b17f+3b#,,0,,5b17f+3b#,,1,,1,0,5,,b17f+3b#,False,False,False,True,False,False,b17f3b,b17f3b,bfb,3,2,1,30-0,0,5,3,0,0,1,,,3
1986,20170122,Australian_Open,Roger_Federer,Kei_Nishikori,145,0,1,5,3,40-15,1,22,1,0,,2,1,KN,6 s38y;1*,,,6s38y;1*,,0,,6s38y;1*,,1,,1,0,6,,s38y;1*,False,False,True,False,False,False,s38y1,s38y1,sy,2,2,1,GM,2,5,4,0,0,1,,,3
1990,20170122,Australian_Open,Roger_Federer,Kei_Nishikori,149,0,1,5,4,40-0,1,23,1,0,,1,2,RF,c4 s38 b3 b1w@,,,4s38b3b1w@,,0,,4s38b3b1w@,,1,,1,0,4,,s38b3b1w@,False,False,False,False,True,False,s38b3b1w,s38b3b1,sbb,3,1,1,GM,1,6,4,1,1,1,,,3
1992,20170122,Australian_Open,Roger_Federer,Kei_Nishikori,151,1,1,0,0,15-0,1,24,1,0,,2,1,KN,4 s38 b3 s3d#,,,4s38b3s3d#,,0,,4s38b3s3d#,,1,,1,0,4,,s38b3s3d#,False,False,False,True,False,False,s38b3s3d,s38b3s3,sbs,3,2,1,30-0,0,0,0,0,1,1,,,3
1994,20170122,Australian_Open,Roger_Federer,Kei_Nishikori,153,1,1,0,0,30-15,1,24,1,0,,2,1,KN,4+ s27 v1*,,,4+s27v1*,,1,,4s27v1*,,1,,1,0,4,,s27v1*,False,False,True,False,False,False,s27v1,s27v1,sv,2,2,1,40-15,0,0,0,0,1,1,,,3
1995,20170122,Australian_Open,Roger_Federer,Kei_Nishikori,154,1,1,0,0,40-15,1,24,1,0,,2,1,KN,5 f18 f3 s2y-1 f-3 z1*,,,5f18f3s2y-1f-3z1*,,0,,5f18f3s2y-1f-3z1*,,1,,1,0,5,,f18f3s2y-1f-3z1*,False,False,True,False,False,False,f18f3s2y1f3z1,f18f3s2y1f3z1,ffsyfz,6,2,1,GM,2,0,1,0,1,1,,,7
2001,20170122,Australian_Open,Roger_Federer,Kei_Nishikori,160,1,1,0,1,40-30,1,25,1,0,,1,2,RF,4 b28 f1*,,,4b28f1*,,0,,4b28f1*,,1,,1,0,4,,b28f1*,False,False,True,False,False,False,b28f1,b28f1,bf,2,1,1,GM,1,1,1,0,1,1,,,3
2006,20170122,Australian_Open,Roger_Federer,Kei_Nishikori,165,1,1,1,1,15-40,1,26,1,0,,2,1,KN,4 f19 f2 f2 b2 f1n@,,,4f19f2f2b2f1n@,,0,,4f19f2f2b2f1n@,,1,,1,0,4,,f19f2f2b2f1n@,False,False,False,False,True,False,f19f2f2b2f1n,f19f2f2b2f1,fffbf,5,2,1,30-40,0,1,1,0,1,1,,,5
2017,20170122,Australian_Open,Roger_Federer,Kei_Nishikori,176,1,1,2,1,AD-40,1,27,1,0,,1,2,RF,4 s28 f+3 s2 o1*,,,4s28f+3s2o1*,,0,,4s28f+3s2o1*,,1,,1,0,4,,s28f+3s2o1*,False,False,True,False,False,False,s28f3s2o1,s28f3s2o1,sfso,4,1,1,GM,1,3,1,0,1,1,,,5
2026,20170122,Australian_Open,Roger_Federer,Kei_Nishikori,185,1,1,4,1,40-0,1,29,1,0,,1,2,RF,4 b27 f1*,,,4b27f1*,,0,,4b27f1*,,1,,1,0,4,,b27f1*,False,False,True,False,False,False,b27f1,b27f1,bf,2,1,1,GM,1,5,1,0,1,1,,,3
2043,20170122,Australian_Open,Roger_Federer,Kei_Nishikori,202,2,1,1,0,40-30,1,32,1,0,,2,1,KN,6 f28 f3 b3 s1 f3n#,,,6f28f3b3s1f3n#,,0,,6f28f3b3s1f3n#,,1,,1,0,6,,f28f3b3s1f3n#,False,False,False,True,False,False,f28f3b3s1f3n,f28f3b3s1f3,ffbsf,5,2,1,GM,2,1,1,0,2,1,,,5
2045,20170122,Australian_Open,Roger_Federer,Kei_Nishikori,204,2,1,1,1,15-0,1,33,1,0,,1,2,RF,4 s37 f-3*,,,4s37f-3*,,0,,4s37f-3*,,1,,1,0,4,,s37f-3*,False,False,True,False,False,False,s37f3,s37f3,sf,2,1,1,30-0,0,1,1,0,2,1,,,3
2053,20170122,Australian_Open,Roger_Federer,Kei_Nishikori,212,2,1,2,1,15-30,1,34,1,0,,2,1,KN,4 b28 f1 f1 f2 b2 f3 s3 s3 s3n@,,,4b28f1f1f2b2f3s3s3s3n@,,0,,4b28f1f1f2b2f3s3s3s3n@,,1,,1,0,4,,b28f1f1f2b2f3s3s3s3n@,False,False,False,False,True,False,b28f1f1f2b2f3s3s3s3n,b28f1f1f2b2f3s3s3s3,bfffbfsss,9,2,1,30-30,0,2,1,0,2,1,,,9
2065,20170122,Australian_Open,Roger_Federer,Kei_Nishikori,224,2,1,2,1,40-AD,1,34,1,0,,2,1,KN,4 b29 f1 f3 b3 b2d@,,,4b29f1f3b3b2d@,,0,,4b29f1f3b3b2d@,,1,,1,0,4,,b29f1f3b3b2d@,False,False,False,False,True,False,b29f1f3b3b2d,b29f1f3b3b2,bffbb,5,2,1,40-40,0,2,1,0,2,1,,,5
2101,20170122,Australian_Open,Roger_Federer,Kei_Nishikori,260,2,2,0,0,15-30,1,41,0,0,,1,2,RF,4 s38 j-1 f2n#,,,4s38j-1f2n#,,0,,4s38j-1f2n#,,1,,1,0,4,,s38j-1f2n#,False,False,False,True,False,False,s38j1f2n,s38j1f2,sjf,3,1,1,30-30,0,0,0,0,2,2,,,3
2113,20170122,Australian_Open,Roger_Federer,Kei_Nishikori,272,2,2,2,0,15-0,1,43,0,0,,1,2,RF,6+ f37 z3 b-2n#,,,6+f37z3b-2n#,,1,,6f37z3b-2n#,,1,,1,0,6,,f37z3b-2n#,False,False,False,True,False,False,f37z3b2n,f37z3b2,fzb,3,1,1,30-0,0,2,0,0,2,2,,,3
2120,20170122,Australian_Open,Roger_Federer,Kei_Nishikori,279,2,2,3,0,15-30,1,44,0,0,,2,1,KN,4+ s27 v3*,,,4+s27v3*,,1,,4s27v3*,,1,,1,0,4,,s27v3*,False,False,True,False,False,False,s27v3,s27v3,sv,2,2,1,30-30,0,3,0,0,2,2,,,3
2122,20170122,Australian_Open,Roger_Federer,Kei_Nishikori,281,2,2,3,0,30-40,1,44,0,0,,2,1,KN,5 f28 f1*,,,5f28f1*,,0,,5f28f1*,,1,,1,0,5,,f28f1*,False,False,True,False,False,False,f28f1,f28f1,ff,2,2,1,40-40,0,3,0,0,2,2,,,3
2128,20170122,Australian_Open,Roger_Federer,Kei_Nishikori,287,2,2,3,1,15-0,1,45,0,0,,1,2,RF,4 s28 j1*,,,4s28j1*,,0,,4s28j1*,,1,,1,0,4,,s28j1*,False,False,True,False,False,False,s28j1,s28j1,sj,2,1,1,30-0,0,3,1,0,2,2,,,3
2135,20170122,Australian_Open,Roger_Federer,Kei_Nishikori,294,2,2,4,1,15-30,1,46,0,0,,2,1,KN,4 s28 f1 f2 b3 b1 f1 f3 b2y+1 f-2*,,,4s28f1f2b3b1f1f3b2y+1f-2*,,0,,4s28f1f2b3b1f1f3b2y+1f-2*,,1,,1,0,4,,s28f1f2b3b1f1f3b2y+1f-2*,False,False,True,False,False,False,s28f1f2b3b1f1f3b2y1f2,s28f1f2b3b1f1f3b2y1f2,sffbbffbyf,10,2,1,30-30,0,4,1,0,2,2,,,11
2146,20170122,Australian_Open,Roger_Federer,Kei_Nishikori,305,2,2,5,2,15-0,1,48,0,0,,2,1,KN,4 s27 v1 f3 z3*,,,4s27v1f3z3*,,0,,4s27v1f3z3*,,1,,1,0,4,,s27v1f3z3*,False,False,True,False,False,False,s27v1f3z3,s27v1f3z3,svfz,4,2,1,30-0,0,5,2,0,2,2,,,5
2153,20170122,Australian_Open,Roger_Federer,Kei_Nishikori,312,2,2,5,3,40-0,1,49,0,0,,1,2,RF,4 s28 f+1 l1 o-3*,,,4s28f+1l1o-3*,,0,,4s28f+1l1o-3*,,1,,1,0,4,,s28f+1l1o-3*,False,False,True,False,False,False,s28f1l1o3,s28f1l1o3,sflo,4,1,1,GM,1,6,3,1,3,2,,,5
2163,20160611,Stuttgart,Roger_Federer,Dominic_Thiem,10,0,0,1,0,40-15,1,2,1,0,,2,1,DT,4 r2 z2*,,,4r2z2*,,0,,4r2z2*,,1,,1,0,4,,r2z2*,False,False,True,False,False,False,r2z2,r2z2,rz,2,2,1,GM,2,1,1,0,0,0,,,3
2173,20160611,Stuttgart,Roger_Federer,Dominic_Thiem,20,0,0,2,1,15-30,1,4,1,0,,2,1,DT,4 s2 z1*,,,4s2z1*,,0,,4s2z1*,,1,,1,0,4,,s2z1*,False,False,True,False,False,False,s2z1,s2z1,sz,2,2,1,30-30,0,2,1,0,0,0,,,3
2179,20160611,Stuttgart,Roger_Federer,Dominic_Thiem,26,0,0,3,1,0-15,1,5,1,0,,1,2,RF,6 f2 j3*,,,6f2j3*,,0,,6f2j3*,,1,,1,0,6,,f2j3*,False,False,True,False,False,False,f2j3,f2j3,fj,2,1,1,15-15,0,3,1,0,0,0,,,3
2181,20160611,Stuttgart,Roger_Federer,Dominic_Thiem,28,0,0,3,1,30-15,1,5,1,0,,1,2,RF,4 s2 v1 f1n#,,,4s2v1f1n#,,0,,4s2v1f1n#,,1,,1,0,4,,s2v1f1n#,False,False,False,True,False,False,s2v1f1n,s2v1f1,svf,3,1,1,40-15,0,3,1,0,0,0,,,3
2197,20160611,Stuttgart,Roger_Federer,Dominic_Thiem,44,0,0,4,2,30-40,1,7,1,0,,1,2,RF,4 s3 b2 f2d#,,,4s3b2f2d#,,0,,4s3b2f2d#,,1,,1,0,4,,s3b2f2d#,False,False,False,True,False,False,s3b2f2d,s3b2f2,sbf,3,1,1,40-40,0,4,2,0,0,0,,,3
2209,20160611,Stuttgart,Roger_Federer,Dominic_Thiem,56,0,0,5,3,40-0,1,9,1,0,,1,2,RF,5 f2 f1*,,,5f2f1*,,0,,5f2f1*,,1,,1,0,5,,f2f1*,False,False,True,False,False,False,f2f1,f2f1,ff,2,1,1,GM,1,6,3,1,1,0,,,3
2225,20160611,Stuttgart,Roger_Federer,Dominic_Thiem,72,1,0,0,2,15-30,1,12,1,0,,2,1,DT,5 f2 f1*,,,5f2f1*,,0,,5f2f1*,,1,,1,0,5,,f2f1*,False,False,True,False,False,False,f2f1,f2f1,ff,2,2,1,30-30,0,0,2,0,1,0,,,3
2231,20160611,Stuttgart,Roger_Federer,Dominic_Thiem,78,1,0,0,3,15-30,1,13,1,0,,1,2,RF,6 f2 v3 m2 o3*,,,6f2v3m2o3*,,0,,6f2v3m2o3*,,1,,1,0,6,,f2v3m2o3*,False,False,True,False,False,False,f2v3m2o3,f2v3m2o3,fvmo,4,1,1,30-30,0,0,3,0,1,0,,,5
2240,20160611,Stuttgart,Roger_Federer,Dominic_Thiem,87,1,0,0,5,15-0,1,15,1,0,,1,2,RF,4 b2 f1 f1 f3 s2 f3 m2d#,,,4b2f1f1f3s2f3m2d#,,0,,4b2f1f1f3s2f3m2d#,,1,,1,0,4,,b2f1f1f3s2f3m2d#,False,False,False,True,False,False,b2f1f1f3s2f3m2d,b2f1f1f3s2f3m2,bfffsfm,7,1,1,30-0,0,0,5,0,1,0,,,7
2269,20160611,Stuttgart,Roger_Federer,Dominic_Thiem,116,1,0,5,5,0-15,1,20,1,0,,2,1,DT,6 f2 s2 f3 b1*,,,6f2s2f3b1*,,0,,6f2s2f3b1*,,1,,1,0,6,,f2s2f3b1*,False,False,True,False,False,False,f2s2f3b1,f2s2f3b1,fsfb,4,2,1,15-15,0,5,5,0,1,0,,,5
2271,20160611,Stuttgart,Roger_Federer,Dominic_Thiem,118,1,0,5,5,15-30,1,20,1,0,,2,1,DT,c4 s2y3*,,,4s2y3*,,0,,4s2y3*,,1,,1,0,4,,s2y3*,False,False,True,False,False,False,s2y3,s2y3,sy,2,2,1,30-30,0,5,5,0,1,0,,,3
2277,20160611,Stuttgart,Roger_Federer,Dominic_Thiem,124,1,0,5,6,40-0,1,21,1,0,,1,2,RF,6 f2 b3*,,,6f2b3*,,0,,6f2b3*,,1,,1,0,6,,f2b3*,False,False,True,False,False,False,f2b3,f2b3,fb,2,1,1,GM,1,6,6,0,1,0,,,3
2289,20160611,Stuttgart,Roger_Federer,Dominic_Thiem,152,1,1,0,0,AD-40,1,23,0,0,,1,2,RF,5 b2 v2 f2 z2*,,,5b2v2f2z2*,,0,,5b2v2f2z2*,,1,,1,0,5,,b2v2f2z2*,False,False,True,False,False,False,b2v2f2z2,b2v2f2z2,bvfz,4,1,1,GM,1,1,0,0,1,1,,,5
2297,20160611,Stuttgart,Roger_Federer,Dominic_Thiem,160,1,1,1,0,AD-40,1,24,0,0,,2,1,DT,6 f2 b3 s2 s3 s2 f1 f3w#,,,6f2b3s2s3s2f1f3w#,,0,,6f2b3s2s3s2f1f3w#,,1,,1,0,6,,f2b3s2s3s2f1f3w#,False,False,False,True,False,False,f2b3s2s3s2f1f3w,f2b3s2s3s2f1f3,fbsssff,7,2,1,GM,2,1,1,0,1,1,,,7
2302,20160611,Stuttgart,Roger_Federer,Dominic_Thiem,165,1,1,1,1,40-15,1,25,0,0,,1,2,RF,6 b2 f3 b2 z2 b2 z3*,,,6b2f3b2z2b2z3*,,0,,6b2f3b2z2b2z3*,,1,,1,0,6,,b2f3b2z2b2z3*,False,False,True,False,False,False,b2f3b2z2b2z3,b2f3b2z2b2z3,bfbzbz,6,1,1,GM,1,2,1,0,1,1,,,7
2322,20160611,Stuttgart,Roger_Federer,Dominic_Thiem,185,1,1,2,2,AD-40,1,27,0,0,,1,2,RF,5 f2 f2 f2 b2 f2 b2 s3n#,,,5f2f2f2b2f2b2s3n#,,0,,5f2f2f2b2f2b2s3n#,,1,,1,0,5,,f2f2f2b2f2b2s3n#,False,False,False,True,False,False,f2f2f2b2f2b2s3n,f2f2f2b2f2b2s3,fffbfbs,7,1,1,GM,1,3,2,0,1,1,,,7
2330,20160611,Stuttgart,Roger_Federer,Dominic_Thiem,193,1,1,3,3,15-30,1,29,0,0,,1,2,RF,6 f2 v3 b1 v1*,,,6f2v3b1v1*,,0,,6f2v3b1v1*,,1,,1,0,6,,f2v3b1v1*,False,False,True,False,False,False,f2v3b1v1,f2v3b1v1,fvbv,4,1,1,30-30,0,3,3,0,1,1,,,5
2336,20160611,Stuttgart,Roger_Federer,Dominic_Thiem,199,1,1,3,4,30-15,1,30,0,0,,2,1,DT,4 b2 f1*,,,4b2f1*,,0,,4b2f1*,,1,,1,0,4,,b2f1*,False,False,True,False,False,False,b2f1,b2f1,bf,2,2,1,40-15,0,3,4,0,1,1,,,3
2350,20160126,Australian_Open,Roger_Federer,Tomas_Berdych,2,0,0,0,0,15-0,1,1,1,0,,1,2,RF,4 b28 f1*,,,4b28f1*,,0,,4b28f1*,,1,,1,0,4,,b28f1*,False,False,True,False,False,False,b28f1,b28f1,bf,2,1,1,30-0,0,0,0,0,0,0,,,3
2352,20160126,Australian_Open,Roger_Federer,Tomas_Berdych,4,0,0,0,0,30-15,1,1,1,0,,1,2,RF,4 b28 f2 b3 s3 f3 b2 f2 f1 f2 b3 b3d@,,,4b28f2b3s3f3b2f2f1f2b3b3d@,,0,,4b28f2b3s3f3b2f2f1f2b3b3d@,,1,,1,0,4,,b28f2b3s3f3b2f2f1f2b3b3d@,False,False,False,False,True,False,b28f2b3s3f3b2f2f1f2b3b3d,b28f2b3s3f3b2f2f1f2b3b3,bfbsfbfffbb,11,1,1,40-15,0,0,0,0,0,0,,,11
2353,20160126,Australian_Open,Roger_Federer,Tomas_Berdych,5,0,0,0,0,40-15,1,1,1,0,,1,2,RF,c4 f28 f3*,,,4f28f3*,,0,,4f28f3*,,1,,1,0,4,,f28f3*,False,False,True,False,False,False,f28f3,f28f3,ff,2,1,1,GM,1,1,0,0,0,0,,,3
2363,20160126,Australian_Open,Roger_Federer,Tomas_Berdych,15,0,0,1,1,15-40,1,3,1,0,,1,2,RF,4 f38 b3 s3 f3 s2n#,,,4f38b3s3f3s2n#,,0,,4f38b3s3f3s2n#,,1,,1,0,4,,f38b3s3f3s2n#,False,False,False,True,False,False,f38b3s3f3s2n,f38b3s3f3s2,fbsfs,5,1,1,30-40,0,1,1,0,0,0,,,5
2377,20160126,Australian_Open,Roger_Federer,Tomas_Berdych,29,0,0,3,2,0-15,1,6,1,0,,2,1,TB,4 s28 f+1 r2n#,,,4s28f+1r2n#,,0,,4s28f+1r2n#,,1,,1,0,4,,s28f+1r2n#,False,False,False,True,False,False,s28f1r2n,s28f1r2,sfr,3,2,1,15-15,0,3,2,0,0,0,,,3
2400,20160126,Australian_Open,Roger_Federer,Tomas_Berdych,52,0,0,4,3,30-15,1,8,1,0,,2,1,TB,4 s19 f1*,,,4s19f1*,,0,,4s19f1*,,1,,1,0,4,,s19f1*,False,False,True,False,False,False,s19f1,s19f1,sf,2,2,1,40-15,0,4,3,0,0,0,,,3
2414,20160126,Australian_Open,Roger_Federer,Tomas_Berdych,66,0,0,5,4,AD-40,1,10,1,0,,2,1,TB,6 f27 f1 r2 f+1*,,,6f27f1r2f+1*,,0,,6f27f1r2f+1*,,1,,1,0,6,,f27f1r2f+1*,False,False,True,False,False,False,f27f1r2f1,f27f1r2f1,ffrf,4,2,1,GM,2,5,5,0,0,0,,,5
2418,20160126,Australian_Open,Roger_Federer,Tomas_Berdych,70,0,0,5,5,30-15,1,11,1,0,,1,2,RF,4 b29 f2 f3 s3 f3 b2 f1w@,,,4b29f2f3s3f3b2f1w@,,0,,4b29f2f3s3f3b2f1w@,,1,,1,0,4,,b29f2f3s3f3b2f1w@,False,False,False,False,True,False,b29f2f3s3f3b2f1w,b29f2f3s3f3b2f1,bffsfbf,7,1,1,40-15,0,5,5,0,0,0,,,7
2420,20160126,Australian_Open,Roger_Federer,Tomas_Berdych,72,0,0,5,5,40-30,1,11,1,0,,1,2,RF,4 b37y+1 f2 z2*,,,4b37y+1f2z2*,,0,,4b37y+1f2z2*,,1,,1,0,4,,b37y+1f2z2*,False,False,True,False,False,False,b37y1f2z2,b37y1f2z2,byfz,4,1,1,GM,1,6,5,0,0,0,,,5
2435,20160126,Australian_Open,Roger_Federer,Tomas_Berdych,98,1,0,1,0,30-15,1,15,1,0,,1,2,RF,6 f38 f2 f2 f+3 s1 j1*,,,6f38f2f2f+3s1j1*,,0,,6f38f2f2f+3s1j1*,,1,,1,0,6,,f38f2f2f+3s1j1*,False,False,True,False,False,False,f38f2f2f3s1j1,f38f2f2f3s1j1,ffffsj,6,1,1,40-15,0,1,0,0,1,0,,,7
2452,20160126,Australian_Open,Roger_Federer,Tomas_Berdych,115,1,0,3,1,0-15,1,18,1,0,,2,1,TB,4 s27 f3*,,,4s27f3*,,0,,4s27f3*,,1,,1,0,4,,s27f3*,False,False,True,False,False,False,s27f3,s27f3,sf,2,2,1,15-15,0,3,1,0,1,0,,,3
2459,20160126,Australian_Open,Roger_Federer,Tomas_Berdych,122,1,0,3,2,30-15,1,19,1,0,,1,2,RF,4+ b28 h1 f1 v2*,,,4+b28h1f1v2*,,1,,4b28h1f1v2*,,1,,1,0,4,,b28h1f1v2*,False,False,True,False,False,False,b28h1f1v2,b28h1f1v2,bhfv,4,1,1,40-15,0,3,2,0,1,0,,,5
2509,20160126,Australian_Open,Roger_Federer,Tomas_Berdych,172,2,0,2,3,AD-40,1,27,1,0,,1,2,RF,4 b29 f2 f+3 b3*,,,4b29f2f+3b3*,,0,,4b29f2f+3b3*,,1,,1,0,4,,b29f2f+3b3*,False,False,True,False,False,False,b29f2f3b3,b29f2f3b3,bffb,4,1,1,GM,1,3,3,0,2,0,,,5
2535,20160126,Australian_Open,Roger_Federer,Tomas_Berdych,198,2,0,5,4,40-15,1,31,1,0,,1,2,RF,4+ f17 v2 m3 o1*,,,4+f17v2m3o1*,,1,,4f17v2m3o1*,,1,,1,0,4,,f17v2m3o1*,False,False,True,False,False,False,f17v2m3o1,f17v2m3o1,fvmo,4,1,1,GM,1,6,4,1,3,0,,,5
2539,20160120,Australian_Open,Roger_Federer_,Alexandr_Dolgopolov,4,0,0,0,0,30-15,1,1,1,0,,1,2,RF,4 b f f v b z*,,,4bffvbz*,,0,,4bffvbz*,,1,,1,0,4,,bffvbz*,False,False,True,False,False,False,bffvbz,bffvbz,bffvbz,6,1,1,40-15,0,0,0,0,0,0,,,7
2552,20160120,Australian_Open,Roger_Federer_,Alexandr_Dolgopolov,17,0,0,1,1,15-0,1,3,1,0,,1,2,RF,4 b f f f m o*,,,4bfffmo*,,0,,4bfffmo*,,1,,1,0,4,,bfffmo*,False,False,True,False,False,False,bfffmo,bfffmo,bfffmo,6,1,1,30-0,0,1,1,0,0,0,,,7
2564,20160120,Australian_Open,Roger_Federer_,Alexandr_Dolgopolov,29,0,0,2,2,30-15,1,5,1,0,,1,2,RF,6 f s f f f b b f z f*,,,6fsfffbbfzf*,,0,,6fsfffbbfzf*,,1,,1,0,6,,fsfffbbfzf*,False,False,True,False,False,False,fsfffbbfzf,fsfffbbfzf,fsfffbbfzf,10,1,1,40-15,0,2,2,0,0,0,,,11
2591,20160120,Australian_Open,Roger_Federer_,Alexandr_Dolgopolov,56,1,0,0,0,AD-40,1,10,1,0,,2,1,AD,6 f f s b*,,,6ffsb*,,0,,6ffsb*,,1,,1,0,6,,ffsb*,False,False,True,False,False,False,ffsb,ffsb,ffsb,4,2,1,GM,2,0,1,0,1,0,,,5
2593,20160120,Australian_Open,Roger_Federer_,Alexandr_Dolgopolov,58,1,0,0,1,15-0,1,11,1,0,,1,2,RF,4 b f*,,,4bf*,,0,,4bf*,,1,,1,0,4,,bf*,False,False,True,False,False,False,bf,bf,bf,2,1,1,30-0,0,0,1,0,1,0,,,3
2602,20160120,Australian_Open,Roger_Federer_,Alexandr_Dolgopolov,67,1,0,1,1,40-30,1,12,1,0,,2,1,AD,6 fu s z*,,,6fusz*,,0,,6fusz*,,1,,1,0,6,,fusz*,False,False,True,False,False,False,fusz,fusz,fusz,4,2,1,GM,2,1,2,0,1,0,,,5
2618,20160120,Australian_Open,Roger_Federer_,Alexandr_Dolgopolov,83,1,0,2,2,AD-40,1,14,1,0,,2,1,AD,4 s f*,,,4sf*,,0,,4sf*,,1,,1,0,4,,sf*,False,False,True,False,False,False,sf,sf,sf,2,2,1,GM,2,2,3,0,1,0,,,3
2629,20160120,Australian_Open,Roger_Federer_,Alexandr_Dolgopolov,94,1,0,3,3,40-30,1,16,1,0,,2,1,AD,6 f f b#,,,6ffb#,,0,,6ffb#,,1,,1,0,6,,ffb#,False,False,False,True,False,False,ffb,ffb,ffb,3,2,1,GM,2,3,4,0,1,0,,,3
2637,20160120,Australian_Open,Roger_Federer_,Alexandr_Dolgopolov,102,1,0,4,4,15-0,1,18,1,0,,2,1,AD,4 s f f b b f*,,,4sffbbf*,,0,,4sffbbf*,,1,,1,0,4,,sffbbf*,False,False,True,False,False,False,sffbbf,sffbbf,sffbbf,6,2,1,30-0,0,4,4,0,1,0,,,7
2646,20160120,Australian_Open,Roger_Federer_,Alexandr_Dolgopolov,111,1,0,4,5,40-15,1,19,1,0,,1,2,RF,5 f b fd@,,,5fbfd@,,0,,5fbfd@,,1,,1,0,5,,fbfd@,False,False,False,False,True,False,fbfd,fbf,fbf,3,1,1,GM,1,5,5,0,1,0,,,3
2654,20160120,Australian_Open,Roger_Federer_,Alexandr_Dolgopolov,119,1,0,5,5,40-AD,1,20,1,0,,2,1,AD,4 s f f f s b f f*,,,4sfffsbff*,,0,,4sfffsbff*,,1,,1,0,4,,sfffsbff*,False,False,True,False,False,False,sfffsbff,sfffsbff,sfffsbff,8,2,1,40-40,0,5,5,0,1,0,,,9
2666,20160120,Australian_Open,Roger_Federer_,Alexandr_Dolgopolov,131,2,0,0,0,15-0,1,22,1,0,,2,1,AD,4 b f*,,,4bf*,,0,,4bf*,,1,,1,0,4,,bf*,False,False,True,False,False,False,bf,bf,bf,2,2,1,30-0,0,0,0,0,2,0,,,3
2668,20160120,Australian_Open,Roger_Federer_,Alexandr_Dolgopolov,133,2,0,0,0,30-15,1,22,1,0,,2,1,AD,6 f f*,,,6ff*,,0,,6ff*,,1,,1,0,6,,ff*,False,False,True,False,False,False,ff,ff,ff,2,2,1,40-15,0,0,0,0,2,0,,,3
2676,20160120,Australian_Open,Roger_Federer_,Alexandr_Dolgopolov,141,2,0,1,1,0-15,1,24,1,0,,2,1,AD,6 r f f f b b s s b b fn@,,,6rfffbbssbbfn@,,0,,6rfffbbssbbfn@,,1,,1,0,6,,rfffbbssbbfn@,False,False,False,False,True,False,rfffbbssbbfn,rfffbbssbbf,rfffbbssbbf,11,2,1,15-15,0,1,1,0,2,0,,,11
2688,20160120,Australian_Open,Roger_Federer_,Alexandr_Dolgopolov,153,2,0,3,1,15-0,1,26,1,0,,2,1,AD,4 b f s#,,,4bfs#,,0,,4bfs#,,1,,1,0,4,,bfs#,False,False,False,True,False,False,bfs,bfs,bfs,3,2,1,30-0,0,3,1,0,2,0,,,3
2698,20160120,Australian_Open,Roger_Federer_,Alexandr_Dolgopolov,163,2,0,4,1,40-30,1,27,1,0,,1,2,RF,6 r i b z*,,,6ribz*,,0,,6ribz*,,1,,1,0,6,,ribz*,False,False,True,False,False,False,ribz,ribz,ribz,4,1,1,GM,1,5,1,0,2,0,,,5
2723,20160110,Brisbane,Roger_Federer,Milos_Raonic,19,0,0,2,1,15-0,1,4,1,0,,2,1,MR,4+ s3 z3 b3n@,,,4+s3z3b3n@,,1,,4s3z3b3n@,,1,,1,0,4,,s3z3b3n@,False,False,False,False,True,False,s3z3b3n,s3z3b3,szb,3,2,1,30-0,0,2,1,0,0,0,,,3
2739,20160110,Brisbane,Roger_Federer,Milos_Raonic,35,0,0,3,2,15-0,1,6,1,0,,2,1,MR,5+ s27 f-1*,,,5+s27f-1*,,1,,5s27f-1*,,1,,1,0,5,,s27f-1*,False,False,True,False,False,False,s27f1,s27f1,sf,2,2,1,30-0,0,3,2,0,0,0,,,3
2747,20160110,Brisbane,Roger_Federer,Milos_Raonic,43,0,0,3,3,30-15,1,7,1,0,,1,2,RF,6 f29 f2 f2 b2 f3 b2 f3d@,,,6f29f2f2b2f3b2f3d@,,0,,6f29f2f2b2f3b2f3d@,,1,,1,0,6,,f29f2f2b2f3b2f3d@,False,False,False,False,True,False,f29f2f2b2f3b2f3d,f29f2f2b2f3b2f3,fffbfbf,7,1,1,40-15,0,3,3,0,0,0,,,7
2750,20160110,Brisbane,Roger_Federer,Milos_Raonic,46,0,0,4,3,0-15,1,8,1,0,,2,1,MR,6 r18 f1*,,,6r18f1*,,0,,6r18f1*,,1,,1,0,6,,r18f1*,False,False,True,False,False,False,r18f1,r18f1,rf,2,2,1,15-15,0,4,3,0,0,0,,,3
2758,20160110,Brisbane,Roger_Federer,Milos_Raonic,54,0,0,4,4,15-30,1,9,1,0,,1,2,RF,4 s28 f1*,,,4s28f1*,,0,,4s28f1*,,1,,1,0,4,,s28f1*,False,False,True,False,False,False,s28f1,s28f1,sf,2,1,1,30-30,0,4,4,0,0,0,,,3
2764,20160110,Brisbane,Roger_Federer,Milos_Raonic,60,0,0,4,5,15-0,1,10,1,0,,2,1,MR,4 s29 f3 b2 f1 r2n#,,,4s29f3b2f1r2n#,,0,,4s29f3b2f1r2n#,,1,,1,0,4,,s29f3b2f1r2n#,False,False,False,True,False,False,s29f3b2f1r2n,s29f3b2f1r2,sfbfr,5,2,1,30-0,0,4,5,0,0,0,,,5
2768,20160110,Brisbane,Roger_Federer,Milos_Raonic,64,0,0,4,5,40-30,1,10,1,0,,2,1,MR,5 s18 f1 f1d@,,,5s18f1f1d@,,0,,5s18f1f1d@,,1,,1,0,5,,s18f1f1d@,False,False,False,False,True,False,s18f1f1d,s18f1f1,sff,3,2,1,GM,2,4,6,2,0,1,,,3
2772,20160110,Brisbane,Roger_Federer,Milos_Raonic,68,0,1,0,0,15-30,1,11,1,0,,1,2,RF,6 f29 f2 f2 f1 f1 f+3 b2 v2 b1n@,,,6f29f2f2f1f1f+3b2v2b1n@,,0,,6f29f2f2f1f1f+3b2v2b1n@,,1,,1,0,6,,f29f2f2f1f1f+3b2v2b1n@,False,False,False,False,True,False,f29f2f2f1f1f3b2v2b1n,f29f2f2f1f1f3b2v2b1,ffffffbvb,9,1,1,30-30,0,0,0,0,0,1,,,9
2774,20160110,Brisbane,Roger_Federer,Milos_Raonic,70,0,1,0,0,40-30,1,11,1,0,,1,2,RF,4 b38 b2 f3 b2 b1n@,,,4b38b2f3b2b1n@,,0,,4b38b2f3b2b1n@,,1,,1,0,4,,b38b2f3b2b1n@,False,False,False,False,True,False,b38b2f3b2b1n,b38b2f3b2b1,bbfbb,5,1,1,GM,1,1,0,0,0,1,,,5
2804,20160110,Brisbane,Roger_Federer,Milos_Raonic,100,0,1,3,2,40-15,1,16,1,0,,2,1,MR,6 b27 f+3 m2d#,,,6b27f+3m2d#,,0,,6b27f+3m2d#,,1,,1,0,6,,b27f+3m2d#,False,False,False,True,False,False,b27f3m2d,b27f3m2,bfm,3,2,1,GM,2,3,3,0,0,1,,,3
2822,20160110,Brisbane,Roger_Federer,Milos_Raonic,118,0,1,4,5,15-30,1,20,1,0,,2,1,MR,6 r17 f+3 b3w#,,,6r17f+3b3w#,,0,,6r17f+3b3w#,,1,,1,0,6,,r17f+3b3w#,False,False,False,True,False,False,r17f3b3w,r17f3b3,rfb,3,2,1,30-30,0,4,5,0,0,1,,,3
2843,20160109,Brisbane,Roger_Federer,Dominic_Thiem,19,0,0,3,0,0-15,1,4,1,0,,2,1,DT,4 s37 f2 l1 o3*,,,4s37f2l1o3*,,0,,4s37f2l1o3*,,1,,1,0,4,,s37f2l1o3*,False,False,True,False,False,False,s37f2l1o3,s37f2l1o3,sflo,4,2,1,15-15,0,3,0,0,0,0,,,5
2845,20160109,Brisbane,Roger_Federer,Dominic_Thiem,21,0,0,3,0,15-30,1,4,1,0,,2,1,DT,4 b38 b2 r2n#,,,4b38b2r2n#,,0,,4b38b2r2n#,,1,,1,0,4,,b38b2r2n#,False,False,False,True,False,False,b38b2r2n,b38b2r2,bbr,3,2,1,30-30,0,3,0,0,0,0,,,3
2857,20160109,Brisbane,Roger_Federer,Dominic_Thiem,33,0,0,5,0,15-0,1,6,1,0,,2,1,DT,4 s29 f2 b2 f3*,,,4s29f2b2f3*,,0,,4s29f2b2f3*,,1,,1,0,4,,s29f2b2f3*,False,False,True,False,False,False,s29f2b2f3,s29f2b2f3,sfbf,4,2,1,30-0,0,5,0,0,0,0,,,5
2860,20160109,Brisbane,Roger_Federer,Dominic_Thiem,36,0,0,5,0,40-15,1,6,1,0,,2,1,DT,5 r38 b3 s2 b3 s2 f1*,,,5r38b3s2b3s2f1*,,0,,5r38b3s2b3s2f1*,,1,,1,0,5,,r38b3s2b3s2f1*,False,False,True,False,False,False,r38b3s2b3s2f1,r38b3s2b3s2f1,rbsbsf,6,2,1,GM,2,5,1,0,0,0,,,7
2864,20160109,Brisbane,Roger_Federer,Dominic_Thiem,40,0,0,5,1,30-15,1,7,1,0,,1,2,RF,4 s38 f3*,,,4s38f3*,,0,,4s38f3*,,1,,1,0,4,,s38f3*,False,False,True,False,False,False,s38f3,s38f3,sf,2,1,1,40-15,0,5,1,0,0,0,,,3
2872,20160109,Brisbane,Roger_Federer,Dominic_Thiem,48,1,0,1,0,15-0,1,9,1,0,,1,2,RF,6 f38 b3 b2 f3 b3 b2 f2n#,,,6f38b3b2f3b3b2f2n#,,0,,6f38b3b2f3b3b2f2n#,,1,,1,0,6,,f38b3b2f3b3b2f2n#,False,False,False,True,False,False,f38b3b2f3b3b2f2n,f38b3b2f3b3b2f2,fbbfbbf,7,1,1,30-0,0,1,0,0,1,0,,,7
2898,20160109,Brisbane,Roger_Federer,Dominic_Thiem,74,1,0,2,3,40-0,1,13,1,0,,1,2,RF,4+ b2 v3 b3n#,,,4+b2v3b3n#,,1,,4b2v3b3n#,,1,,1,0,4,,b2v3b3n#,False,False,False,True,False,False,b2v3b3n,b2v3b3,bvb,3,1,1,GM,1,3,3,0,1,0,,,3
2905,20160109,Brisbane,Roger_Federer,Dominic_Thiem,81,1,0,4,3,15-0,1,15,1,0,,1,2,RF,5 b28 f2 f3 s3 b3 b3 f1n@,,,5b28f2f3s3b3b3f1n@,,0,,5b28f2f3s3b3b3f1n@,,1,,1,0,5,,b28f2f3s3b3b3f1n@,False,False,False,False,True,False,b28f2f3s3b3b3f1n,b28f2f3s3b3b3f1,bffsbbf,7,1,1,30-0,0,4,3,0,1,0,,,7
2909,20160109,Brisbane,Roger_Federer,Dominic_Thiem,85,1,0,5,3,15-0,1,16,1,0,,2,1,DT,4 b28 f1*,,,4b28f1*,,0,,4b28f1*,,1,,1,0,4,,b28f1*,False,False,True,False,False,False,b28f1,b28f1,bf,2,2,1,30-0,0,5,3,0,1,0,,,3
2917,20160109,Brisbane,Roger_Federer,Dominic_Thiem,93,1,0,5,3,40-AD,1,16,1,0,,2,1,DT,4 s27 s+2 f3w@,,,4s27s+2f3w@,,0,,4s27s+2f3w@,,1,,1,0,4,,s27s+2f3w@,False,False,False,False,True,False,s27s2f3w,s27s2f3,ssf,3,2,1,40-40,0,5,3,0,1,0,,,3
2934,20160108,Brisbane,Roger_Federer,Grigor_Dimitrov,6,0,0,1,0,15-0,1,2,1,0,,2,1,GD,c4 s2 f3 s2n#,,,4s2f3s2n#,,0,,4s2f3s2n#,,1,,1,0,4,,s2f3s2n#,False,False,False,True,False,False,s2f3s2n,s2f3s2,sfs,3,2,1,30-0,0,1,0,0,0,0,,,3
2943,20160108,Brisbane,Roger_Federer,Grigor_Dimitrov,15,0,0,2,1,0-15,1,4,1,0,,2,1,GD,5 b2 f1 l2d#,,,5b2f1l2d#,,0,,5b2f1l2d#,,1,,1,0,5,,b2f1l2d#,False,False,False,True,False,False,b2f1l2d,b2f1l2,bfl,3,2,1,15-15,0,2,1,0,0,0,,,3
2963,20160108,Brisbane,Roger_Federer,Grigor_Dimitrov,35,0,0,3,3,30-15,1,7,1,0,,1,2,RF,6 f2 f1 l2 o1*,,,6f2f1l2o1*,,0,,6f2f1l2o1*,,1,,1,0,6,,f2f1l2o1*,False,False,True,False,False,False,f2f1l2o1,f2f1l2o1,fflo,4,1,1,40-15,0,3,3,0,0,0,,,5
2970,20160108,Brisbane,Roger_Federer,Grigor_Dimitrov,42,0,0,4,3,40-30,1,8,1,0,,2,1,GD,5 s2 f3*,,,5s2f3*,,0,,5s2f3*,,1,,1,0,5,,s2f3*,False,False,True,False,False,False,s2f3,s2f3,sf,2,2,1,GM,2,4,4,0,0,0,,,3
2975,20160108,Brisbane,Roger_Federer,Grigor_Dimitrov,47,0,0,4,4,40-15,1,9,1,0,,1,2,RF,4 f2 b3*,,,4f2b3*,,0,,4f2b3*,,1,,1,0,4,,f2b3*,False,False,True,False,False,False,f2b3,f2b3,fb,2,1,1,GM,1,5,4,0,0,0,,,3
2989,20160108,Brisbane,Roger_Federer,Grigor_Dimitrov,61,1,0,1,0,15-0,1,12,1,0,,2,1,GD,6 f2 f3y1 f1*,,,6f2f3y1f1*,,0,,6f2f3y1f1*,,1,,1,0,6,,f2f3y1f1*,False,False,True,False,False,False,f2f3y1f1,f2f3y1f1,ffyf,4,2,1,30-0,0,1,0,0,1,0,,,5
2993,20160108,Brisbane,Roger_Federer,Grigor_Dimitrov,65,1,0,1,0,40-30,1,12,1,0,,2,1,GD,5 r2 f1 m o1*,,,5r2f1mo1*,,0,,5r2f1mo1*,,1,,1,0,5,,r2f1mo1*,False,False,True,False,False,False,r2f1mo1,r2f1mo1,rfmo,4,2,1,GM,2,1,1,0,1,0,,,5
3001,20160108,Brisbane,Roger_Federer,Grigor_Dimitrov,73,1,0,1,1,AD-40,1,13,1,0,,1,2,RF,5 s2 f1*,,,5s2f1*,,0,,5s2f1*,,1,,1,0,5,,s2f1*,False,False,True,False,False,False,s2f1,s2f1,sf,2,1,1,GM,1,2,1,0,1,0,,,3
3003,20160108,Brisbane,Roger_Federer,Grigor_Dimitrov,75,1,0,2,1,0-15,1,14,1,0,,2,1,GD,4 b2 f3 s1n#,,,4b2f3s1n#,,0,,4b2f3s1n#,,1,,1,0,4,,b2f3s1n#,False,False,False,True,False,False,b2f3s1n,b2f3s1,bfs,3,2,1,15-15,0,2,1,0,1,0,,,3
3008,20160108,Brisbane,Roger_Federer,Grigor_Dimitrov,80,1,0,2,2,0-15,1,15,1,0,,1,2,RF,4 s2 f2 f1 f1 r2 f3*,,,4s2f2f1f1r2f3*,,0,,4s2f2f1f1r2f3*,,1,,1,0,4,,s2f2f1f1r2f3*,False,False,True,False,False,False,s2f2f1f1r2f3,s2f2f1f1r2f3,sfffrf,6,1,1,15-15,0,2,2,0,1,0,,,7
3012,20160108,Brisbane,Roger_Federer,Grigor_Dimitrov,84,1,0,2,2,40-30,1,15,1,0,,1,2,RF,6 f3 s2 f1 f3 s2 f3*,,,6f3s2f1f3s2f3*,,0,,6f3s2f1f3s2f3*,,1,,1,0,6,,f3s2f1f3s2f3*,False,False,True,False,False,False,f3s2f1f3s2f3,f3s2f1f3s2f3,fsffsf,6,1,1,GM,1,3,2,0,1,0,,,7
3020,20160108,Brisbane,Roger_Federer,Grigor_Dimitrov,92,1,0,3,2,40-AD,1,16,1,0,,2,1,GD,c5 s2 f3 s2 f1 f2d#,,,5s2f3s2f1f2d#,,0,,5s2f3s2f1f2d#,,1,,1,0,5,,s2f3s2f1f2d#,False,False,False,True,False,False,s2f3s2f1f2d,s2f3s2f1f2,sfsff,5,2,1,40-40,0,3,2,0,1,0,,,5
3038,20160108,Brisbane,Roger_Federer,Grigor_Dimitrov,110,1,0,3,5,40-15,1,19,1,0,,1,2,RF,5 b2 v1 f1w#,,,5b2v1f1w#,,0,,5b2v1f1w#,,1,,1,0,5,,b2v1f1w#,False,False,False,True,False,False,b2v1f1w,b2v1f1,bvf,3,1,1,GM,1,4,5,0,1,0,,,3
3042,20160108,Brisbane,Roger_Federer,Grigor_Dimitrov,114,1,0,4,5,15-30,1,20,1,0,,2,1,GD,6 f1 f3*,,,6f1f3*,,0,,6f1f3*,,1,,1,0,6,,f1f3*,False,False,True,False,False,False,f1f3,f1f3,ff,2,2,1,30-30,0,4,5,0,1,0,,,3
3049,20160108,Brisbane,Roger_Federer,Grigor_Dimitrov,121,1,0,5,5,40-15,1,21,1,0,,1,2,RF,4 f1 f2 s3n@,,,4f1f2s3n@,,0,,4f1f2s3n@,,1,,1,0,4,,f1f2s3n@,False,False,False,False,True,False,f1f2s3n,f1f2s3,ffs,3,1,1,GM,1,6,5,0,1,0,,,3
3053,20160108,Brisbane,Roger_Federer,Grigor_Dimitrov,125,1,0,6,5,40-0,1,22,1,0,,2,1,GD,4 f2 f1 f3 s3 b2 b3*,,,4f2f1f3s3b2b3*,,0,,4f2f1f3s3b2b3*,,1,,1,0,4,,f2f1f3s3b2b3*,False,False,True,False,False,False,f2f1f3s3b2b3,f2f1f3s3b2b3,fffsbb,6,2,1,GM,2,6,6,0,1,0,,,7
3058,20160108,Brisbane,Roger_Federer,Grigor_Dimitrov,141,1,1,0,0,40-15,1,24,1,0,,2,1,GD,6 s2 f1*,,,6s2f1*,,0,,6s2f1*,,1,,1,0,6,,s2f1*,False,False,True,False,False,False,s2f1,s2f1,sf,2,2,1,GM,2,0,1,0,1,1,,,3
3064,20160108,Brisbane,Roger_Federer,Grigor_Dimitrov,147,1,1,1,1,15-0,1,26,1,0,,2,1,GD,6 f2 f2 f1 f2 v3d#,,,6f2f2f1f2v3d#,,0,,6f2f2f1f2v3d#,,1,,1,0,6,,f2f2f1f2v3d#,False,False,False,True,False,False,f2f2f1f2v3d,f2f2f1f2v3,ffffv,5,2,1,30-0,0,1,1,0,1,1,,,5
3080,20160108,Brisbane,Roger_Federer,Grigor_Dimitrov,163,1,1,3,2,30-15,1,29,1,0,,1,2,RF,4 f2 f3 s3x#,,,4f2f3s3x#,,0,,4f2f3s3x#,,1,,1,0,4,,f2f3s3x#,False,False,False,True,False,False,f2f3s3x,f2f3s3,ffs,3,1,1,40-15,0,3,2,0,1,1,,,3
3096,20160108,Brisbane,Roger_Federer,Grigor_Dimitrov,179,1,1,5,3,0-40,1,32,1,0,,2,1,GD,c4 s2 f3 m2 o3 b3x#,,,4s2f3m2o3b3x#,,0,,4s2f3m2o3b3x#,,1,,1,0,4,,s2f3m2o3b3x#,False,False,False,True,False,False,s2f3m2o3b3x,s2f3m2o3b3,sfmob,5,2,1,15-40,0,5,3,0,1,1,,,5
3100,20160108,Brisbane,Roger_Federer,Grigor_Dimitrov,183,1,1,5,3,AD-40,1,32,1,0,,2,1,GD,6 f2 s2 f3 b1 f3 s2 s2 l2 o3 b3 z2n#,,,6f2s2f3b1f3s2s2l2o3b3z2n#,,0,,6f2s2f3b1f3s2s2l2o3b3z2n#,,1,,1,0,6,,f2s2f3b1f3s2s2l2o3b3z2n#,False,False,False,True,False,False,f2s2f3b1f3s2s2l2o3b3z2n,f2s2f3b1f3s2s2l2o3b3z2,fsfbfsslobz,11,2,1,GM,2,5,4,0,1,1,,,11
3106,20151122,Tour_Finals,Roger_Federer,Novak_Djokovic,2,0,0,0,0,0-15,1,1,1,0,,1,2,RF,5 f29 f1 f2 f3 b3 b3 b3 b2 f3 s3 b3 b1*,,,5f29f1f2f3b3b3b3b2f3s3b3b1*,,0,,5f29f1f2f3b3b3b3b2f3s3b3b1*,,1,,1,0,5,,f29f1f2f3b3b3b3b2f3s3b3b1*,False,False,True,False,False,False,f29f1f2f3b3b3b3b2f3s3b3b1,f29f1f2f3b3b3b3b2f3s3b3b1,ffffbbbbfsbb,12,1,1,15-15,0,0,0,0,0,0,,,13
3112,20151122,Tour_Finals,Roger_Federer,Novak_Djokovic,8,0,0,0,0,AD-40,1,1,1,0,,1,2,RF,6 f29 f2 b2 f2 f3 b3 b3n@,,,6f29f2b2f2f3b3b3n@,,0,,6f29f2b2f2f3b3b3n@,,1,,1,0,6,,f29f2b2f2f3b3b3n@,False,False,False,False,True,False,f29f2b2f2f3b3b3n,f29f2b2f2f3b3b3,ffbffbb,7,1,1,GM,1,1,0,0,0,0,,,7
3114,20151122,Tour_Finals,Roger_Federer,Novak_Djokovic,10,0,0,1,0,15-0,1,2,1,0,,2,1,ND,4 s38 b1 f2 f2 f1 f1 f1d@,,,4s38b1f2f2f1f1f1d@,,0,,4s38b1f2f2f1f1f1d@,,1,,1,0,4,,s38b1f2f2f1f1f1d@,False,False,False,False,True,False,s38b1f2f2f1f1f1d,s38b1f2f2f1f1f1,sbfffff,7,2,1,30-0,0,1,0,0,0,0,,,7
3118,20151122,Tour_Finals,Roger_Federer,Novak_Djokovic,14,0,0,1,0,30-40,1,2,1,0,,2,1,ND,6 f29 f1 f2 b3 b2 b3 f3 b3 f1n@,,,6f29f1f2b3b2b3f3b3f1n@,,0,,6f29f1f2b3b2b3f3b3f1n@,,1,,1,0,6,,f29f1f2b3b2b3f3b3f1n@,False,False,False,False,True,False,f29f1f2b3b2b3f3b3f1n,f29f1f2b3b2b3f3b3f1,fffbbbfbf,9,2,1,40-40,0,1,0,0,0,0,,,9
3124,20151122,Tour_Finals,Roger_Federer,Novak_Djokovic,20,0,0,1,1,15-30,1,3,1,0,,1,2,RF,6 b28 f3 b3 f1 f3 s2 b3 b3 b3 b3 b3 s1 f1 r3 b3 b1 f#,,,6b28f3b3f1f3s2b3b3b3b3b3s1f1r3b3b1f#,,0,,6b28f3b3f1f3s2b3b3b3b3b3s1f1r3b3b1f#,,1,,1,0,6,,b28f3b3f1f3s2b3b3b3b3b3s1f1r3b3b1f#,False,False,False,True,False,False,b28f3b3f1f3s2b3b3b3b3b3s1f1r3b3b1f,b28f3b3f1f3s2b3b3b3b3b3s1f1r3b3b1f,bfbffsbbbbbsfrbbf,17,1,1,30-30,0,1,1,0,0,0,,,17
3134,20151122,Tour_Finals,Roger_Federer,Novak_Djokovic,30,0,0,1,3,15-0,1,5,1,0,,1,2,RF,4 b38 b2 f1n@,,,4b38b2f1n@,,0,,4b38b2f1n@,,1,,1,0,4,,b38b2f1n@,False,False,False,False,True,False,b38b2f1n,b38b2f1,bbf,3,1,1,30-0,0,1,3,0,0,0,,,3
3140,20151122,Tour_Finals,Roger_Federer,Novak_Djokovic,36,0,0,2,3,15-30,1,6,1,0,,2,1,ND,6 f17 f+1 f1 f3*,,,6f17f+1f1f3*,,0,,6f17f+1f1f3*,,1,,1,0,6,,f17f+1f1f3*,False,False,True,False,False,False,f17f1f1f3,f17f1f1f3,ffff,4,2,1,30-30,0,2,3,0,0,0,,,5
3144,20151122,Tour_Finals,Roger_Federer,Novak_Djokovic,40,0,0,2,3,40-AD,1,6,1,0,,2,1,ND,5 s28 f3 b3 b3 b1d@,,,5s28f3b3b3b1d@,,0,,5s28f3b3b3b1d@,,1,,1,0,5,,s28f3b3b3b1d@,False,False,False,False,True,False,s28f3b3b3b1d,s28f3b3b3b1,sfbbb,5,2,1,40-40,0,2,3,0,0,0,,,5
3146,20151122,Tour_Finals,Roger_Federer,Novak_Djokovic,42,0,0,2,3,AD-40,1,6,1,0,,2,1,ND,6 f29 f3 f3n@,,,6f29f3f3n@,,0,,6f29f3f3n@,,1,,1,0,6,,f29f3f3n@,False,False,False,False,True,False,f29f3f3n,f29f3f3,fff,3,2,1,GM,2,2,4,0,0,0,,,3
3152,20151122,Tour_Finals,Roger_Federer,Novak_Djokovic,48,0,0,2,4,40-30,1,7,1,0,,1,2,RF,4 s28 j1*,,,4s28j1*,,0,,4s28j1*,,1,,1,0,4,,s28j1*,False,False,True,False,False,False,s28j1,s28j1,sj,2,1,1,GM,1,3,4,0,0,0,,,3
3154,20151122,Tour_Finals,Roger_Federer,Novak_Djokovic,50,0,0,3,4,15-0,1,8,1,0,,2,1,ND,5 s28 f3 b3n@,,,5s28f3b3n@,,0,,5s28f3b3n@,,1,,1,0,5,,s28f3b3n@,False,False,False,False,True,False,s28f3b3n,s28f3b3,sfb,3,2,1,30-0,0,3,4,0,0,0,,,3
3168,20151122,Tour_Finals,Roger_Federer,Novak_Djokovic,64,0,1,0,0,30-15,1,10,1,0,,2,1,ND,5 f29 f3 s#,,,5f29f3s#,,0,,5f29f3s#,,1,,1,0,5,,f29f3s#,False,False,False,True,False,False,f29f3s,f29f3s,ffs,3,2,1,40-15,0,0,0,0,0,1,,,3
3177,20151122,Tour_Finals,Roger_Federer,Novak_Djokovic,73,0,1,1,1,15-0,1,12,1,0,,2,1,ND,6 f38 b3 b3 b3 s3 b3 b2 b1 f3 b3 s3n@,,,6f38b3b3b3s3b3b2b1f3b3s3n@,,0,,6f38b3b3b3s3b3b2b1f3b3s3n@,,1,,1,0,6,,f38b3b3b3s3b3b2b1f3b3s3n@,False,False,False,False,True,False,f38b3b3b3s3b3b2b1f3b3s3n,f38b3b3b3s3b3b2b1f3b3s3,fbbbsbbbfbs,11,2,1,30-0,0,1,1,0,0,1,,,11
3179,20151122,Tour_Finals,Roger_Federer,Novak_Djokovic,75,0,1,1,1,30-15,1,12,1,0,,2,1,ND,4 s17 f-1*,,,4s17f-1*,,0,,4s17f-1*,,1,,1,0,4,,s17f-1*,False,False,True,False,False,False,s17f1,s17f1,sf,2,2,1,40-15,0,1,1,0,0,1,,,3
3181,20151122,Tour_Finals,Roger_Federer,Novak_Djokovic,77,0,1,1,1,40-30,1,12,1,0,,2,1,ND,4 s29 f3 s3 b3 b1w@,,,4s29f3s3b3b1w@,,0,,4s29f3s3b3b1w@,,1,,1,0,4,,s29f3s3b3b1w@,False,False,False,False,True,False,s29f3s3b3b1w,s29f3s3b3b1,sfsbb,5,2,1,GM,2,1,2,0,0,1,,,5
3185,20151122,Tour_Finals,Roger_Federer,Novak_Djokovic,81,0,1,1,2,30-15,1,13,1,0,,1,2,RF,6 f38 b2 b3d@,,,6f38b2b3d@,,0,,6f38b2b3d@,,1,,1,0,6,,f38b2b3d@,False,False,False,False,True,False,f38b2b3d,f38b2b3,fbb,3,1,1,40-15,0,1,2,0,0,1,,,3
3186,20151122,Tour_Finals,Roger_Federer,Novak_Djokovic,82,0,1,1,2,40-15,1,13,1,0,,1,2,RF,4 f18 f3 m o1 f#,,,4f18f3mo1f#,,0,,4f18f3mo1f#,,1,,1,0,4,,f18f3mo1f#,False,False,False,True,False,False,f18f3mo1f,f18f3mo1f,ffmof,5,1,1,GM,1,2,2,0,0,1,,,5
3190,20151122,Tour_Finals,Roger_Federer,Novak_Djokovic,86,0,1,2,2,30-15,1,14,1,0,,2,1,ND,4 b39 b3 b1 f1 f+3d@,,,4b39b3b1f1f+3d@,,0,,4b39b3b1f1f+3d@,,1,,1,0,4,,b39b3b1f1f+3d@,False,False,False,False,True,False,b39b3b1f1f3d,b39b3b1f1f3,bbbff,5,2,1,40-15,0,2,2,0,0,1,,,5
3207,20151122,Tour_Finals,Roger_Federer,Novak_Djokovic,103,0,1,3,4,30-40,1,17,1,0,,1,2,RF,4 b38 f1 f#,,,4b38f1f#,,0,,4b38f1f#,,1,,1,0,4,,b38f1f#,False,False,False,True,False,False,b38f1f,b38f1f,bff,3,1,1,40-40,0,3,4,0,0,1,,,3
3209,20151122,Tour_Finals,Roger_Federer,Novak_Djokovic,105,0,1,3,4,AD-40,1,17,1,0,,1,2,RF,6 s39 b3 b3 b1 f#,,,6s39b3b3b1f#,,0,,6s39b3b3b1f#,,1,,1,0,6,,s39b3b3b1f#,False,False,False,True,False,False,s39b3b3b1f,s39b3b3b1f,sbbbf,5,1,1,GM,1,4,4,0,0,1,,,5
3213,20151122,Tour_Finals,Roger_Federer,Novak_Djokovic,109,0,1,4,4,40-0,1,18,1,0,,2,1,ND,4 b38 b1 f2 b1*,,,4b38b1f2b1*,,0,,4b38b1f2b1*,,1,,1,0,4,,b38b1f2b1*,False,False,True,False,False,False,b38b1f2b1,b38b1f2b1,bbfb,4,2,1,GM,2,4,5,0,0,1,,,5
3221,20151121,Tour_Finals,Roger_Federer,Stanislas_Wawrinka,2,0,0,0,0,15-0,1,1,1,0,,1,2,RF,6+ f28 v1 f2 v3*,,,6+f28v1f2v3*,,1,,6f28v1f2v3*,,1,,1,0,6,,f28v1f2v3*,False,False,True,False,False,False,f28v1f2v3,f28v1f2v3,fvfv,4,1,1,30-0,0,0,0,0,0,0,,,5
3223,20151121,Tour_Finals,Roger_Federer,Stanislas_Wawrinka,4,0,0,0,0,40-0,1,1,1,0,,1,2,RF,6+ f28 v3 b2n#,,,6+f28v3b2n#,,1,,6f28v3b2n#,,1,,1,0,6,,f28v3b2n#,False,False,False,True,False,False,f28v3b2n,f28v3b2,fvb,3,1,1,GM,1,1,0,0,0,0,,,3
3229,20151121,Tour_Finals,Roger_Federer,Stanislas_Wawrinka,10,0,0,1,1,15-0,1,3,1,0,,1,2,RF,4+ b38 z1 f2d@,,,4+b38z1f2d@,,1,,4b38z1f2d@,,1,,1,0,4,,b38z1f2d@,False,False,False,False,True,False,b38z1f2d,b38z1f2,bzf,3,1,1,30-0,0,1,1,0,0,0,,,3
3239,20151121,Tour_Finals,Roger_Federer,Stanislas_Wawrinka,20,0,0,2,1,15-30,1,4,1,0,,2,1,SW,6 f27 f3 b2 f1 r3d#,,,6f27f3b2f1r3d#,,0,,6f27f3b2f1r3d#,,1,,1,0,6,,f27f3b2f1r3d#,False,False,False,True,False,False,f27f3b2f1r3d,f27f3b2f1r3,ffbfr,5,2,1,30-30,0,2,1,0,0,0,,,5
3253,20151121,Tour_Finals,Roger_Federer,Stanislas_Wawrinka,34,0,0,2,3,30-15,1,6,1,0,,2,1,SW,6 f28 f3 b1 f2 f2 f2 b3n@,,,6f28f3b1f2f2f2b3n@,,0,,6f28f3b1f2f2f2b3n@,,1,,1,0,6,,f28f3b1f2f2f2b3n@,False,False,False,False,True,False,f28f3b1f2f2f2b3n,f28f3b1f2f2f2b3,ffbfffb,7,2,1,40-15,0,2,3,0,0,0,,,7
3268,20151121,Tour_Finals,Roger_Federer,Stanislas_Wawrinka,49,0,0,4,4,30-15,1,9,1,0,,1,2,RF,4 s28 f3*,,,4s28f3*,,0,,4s28f3*,,1,,1,0,4,,s28f3*,False,False,True,False,False,False,s28f3,s28f3,sf,2,1,1,40-15,0,4,4,0,0,0,,,3
3273,20151121,Tour_Finals,Roger_Federer,Stanislas_Wawrinka,54,0,0,5,4,30-15,1,10,1,0,,2,1,SW,4 b28 f1*,,,4b28f1*,,0,,4b28f1*,,1,,1,0,4,,b28f1*,False,False,True,False,False,False,b28f1,b28f1,bf,2,2,1,40-15,0,5,4,0,0,0,,,3
3278,20151121,Tour_Finals,Roger_Federer,Stanislas_Wawrinka,59,0,0,5,5,40-0,1,11,1,0,,1,2,RF,4 s28 f3*,,,4s28f3*,,0,,4s28f3*,,1,,1,0,4,,s28f3*,False,False,True,False,False,False,s28f3,s28f3,sf,2,1,1,GM,1,6,5,0,0,0,,,3
3287,20151121,Tour_Finals,Roger_Federer,Stanislas_Wawrinka,68,1,0,0,0,15-30,1,13,1,0,,1,2,RF,5+ s37 z2 f1 v2*,,,5+s37z2f1v2*,,1,,5s37z2f1v2*,,1,,1,0,5,,s37z2f1v2*,False,False,True,False,False,False,s37z2f1v2,s37z2f1v2,szfv,4,1,1,30-30,0,0,0,0,1,0,,,5
3289,20151121,Tour_Finals,Roger_Federer,Stanislas_Wawrinka,70,1,0,0,0,40-30,1,13,1,0,,1,2,RF,6+ s27 z3 m3w#,,,6+s27z3m3w#,,1,,6s27z3m3w#,,1,,1,0,6,,s27z3m3w#,False,False,False,True,False,False,s27z3m3w,s27z3m3,szm,3,1,1,GM,1,1,0,0,1,0,,,3
3299,20151121,Tour_Finals,Roger_Federer,Stanislas_Wawrinka,80,1,0,2,0,30-15,1,15,1,0,,1,2,RF,4 b18 f3 s2 r+1 f3 z3 b1d@,,,4b18f3s2r+1f3z3b1d@,,0,,4b18f3s2r+1f3z3b1d@,,1,,1,0,4,,b18f3s2r+1f3z3b1d@,False,False,False,False,True,False,b18f3s2r1f3z3b1d,b18f3s2r1f3z3b1,bfsrfzb,7,1,1,40-15,0,2,0,0,1,0,,,7
