,match_id,Tournament,P1,P2,Pt,Set1,Set2,Gm1,Gm2,Pts,SrvDceSide,Gm#,TbSet,TB?,TBpt,Svr,Ret,Serving,1st,2nd,Notes,1stNoLet,2ndNoLet,1stSV,2ndSV,1stNoSV,2ndNoSV,1stIn,2ndIn,isRally1st,isRally2nd,Sv1,Sv2,Rally,isAce,isUnret,isRallyWinner,isForced,isUnforced,isDouble,rallyNoSpec,rallyNoError,rallyNoDirection,rallyLen,PtWinner,isSvrWinner,PtsAfter,GmW,Gm1.1,Gm2.1,SetW,Set1.1,Set2.1,RevTB,TBrev,rallyCount
0,20180318,Indian_Wells_Masters,Roger_Federer,Juan_Martin_Del_Potro,1,0,0,0,0,0-0,0,1,1,0,,1,2,RF,4 f27 f+3x@,,,4f27f+3x@,,0,,4f27f+3x@,,1,,1,0,4,,f27f+3x@,False,False,False,False,True,False,f27f3x,f27f3,ff,2,2,0,0-15,0,0,0,0,0,0,,,2
6,20180318,Indian_Wells_Masters,Roger_Federer,Juan_Martin_Del_Potro,7,0,0,1,0,0-0,0,2,1,0,,2,1,JMD,6 b27 f1n@,,,6b27f1n@,,0,,6b27f1n@,,1,,1,0,6,,b27f1n@,False,False,False,False,True,False,b27f1n,b27f1,bf,2,1,0,0-15,0,1,0,0,0,0,,,2
27,20180318,Indian_Wells_Masters,Roger_Federer,Juan_Martin_Del_Potro,28,0,0,2,3,0-0,0,6,1,0,,2,1,JMD,6 b18 f1 f1 f1w#,,,6b18f1f1f1w#,,0,,6b18f1f1f1w#,,1,,1,0,6,,b18f1f1f1w#,False,False,False,True,False,False,b18f1f1f1w,b18f1f1f1,bfff,4,1,0,0-15,0,2,3,0,0,0,,,4
37,20180318,Indian_Wells_Masters,Roger_Federer,Juan_Martin_Del_Potro,38,0,0,2,4,30-0,0,7,1,0,,1,2,RF,5+ b37 i1 f-1*,,,5+b37i1f-1*,,1,,5b37i1f-1*,,1,,1,0,5,,b37i1f-1*,False,False,True,False,False,False,b37i1f1,b37i1f1,bif,3,2,0,30-15,0,2,4,0,0,0,,,4
70,20180318,Indian_Wells_Masters,Roger_Federer,Juan_Martin_Del_Potro,71,0,1,1,1,30-0,0,13,1,0,,1,2,RF,6 s;27 f+1d@,,,6s;27f+1d@,,0,,6s;27f+1d@,,1,,1,0,6,,s;27f+1d@,False,False,False,False,True,False,s27f1d,s27f1,sf,2,2,0,30-15,0,1,1,0,0,1,,,2
95,20180318,Indian_Wells_Masters,Roger_Federer,Juan_Martin_Del_Potro,96,0,1,4,3,0-0,0,18,1,0,,2,1,JMD,5 s38 s3 s1 f1 f3 b2 s3 s3 b3 b2 f2 b2 f1 f1 f1 f2d@,,,5s38s3s1f1f3b2s3s3b3b2f2b2f1f1f1f2d@,,0,,5s38s3s1f1f3b2s3s3b3b2f2b2f1f1f1f2d@,,1,,1,0,5,,s38s3s1f1f3b2s3s3b3b2f2b2f1f1f1f2d@,False,False,False,False,True,False,s38s3s1f1f3b2s3s3b3b2f2b2f1f1f1f2d,s38s3s1f1f3b2s3s3b3b2f2b2f1f1f1f2,sssffbssbbfbffff,16,1,0,0-15,0,4,3,0,0,1,,,16
107,20180318,Indian_Wells_Masters,Roger_Federer,Juan_Martin_Del_Potro,108,0,1,5,4,0-0,0,20,1,0,,2,1,JMD,6 b28 f1 f3 b1 r2 s+1 f3*,,,6b28f1f3b1r2s+1f3*,,0,,6b28f1f3b1r2s+1f3*,,1,,1,0,6,,b28f1f3b1r2s+1f3*,False,False,True,False,False,False,b28f1f3b1r2s1f3,b28f1f3b1r2s1f3,bffbrsf,7,1,0,0-15,0,5,4,0,0,1,,,8
109,20180318,Indian_Wells_Masters,Roger_Federer,Juan_Martin_Del_Potro,110,0,1,5,4,15-15,0,20,1,0,,2,1,JMD,5 b29 f1 f+1 f2 z3*,,,5b29f1f+1f2z3*,,0,,5b29f1f+1f2z3*,,1,,1,0,5,,b29f1f+1f2z3*,False,False,True,False,False,False,b29f1f1f2z3,b29f1f1f2z3,bfffz,5,1,0,15-30,0,5,4,0,0,1,,,6
127,20180318,Indian_Wells_Masters,Roger_Federer,Juan_Martin_Del_Potro,146,1,1,0,0,0-0,0,24,1,0,,2,1,JMD,4 f39 s3d#,,,4f39s3d#,,0,,4f39s3d#,,1,,1,0,4,,f39s3d#,False,False,False,True,False,False,f39s3d,f39s3,fs,2,1,0,0-15,0,0,0,0,1,1,,,2
145,20180318,Indian_Wells_Masters,Roger_Federer,Juan_Martin_Del_Potro,164,1,1,1,1,30-0,0,26,1,0,,2,1,JMD,4 f38 b2 b;2 f2d@,,,4f38b2b;2f2d@,,0,,4f38b2b;2f2d@,,1,,1,0,4,,f38b2b;2f2d@,False,False,False,False,True,False,f38b2b2f2d,f38b2b2f2,fbbf,4,1,0,30-15,0,1,1,0,1,1,,,4
171,20180318,Indian_Wells_Masters,Roger_Federer,Juan_Martin_Del_Potro,190,1,1,3,4,30-0,0,31,1,0,,1,2,RF,4 f18 f3d#,,,4f18f3d#,,0,,4f18f3d#,,1,,1,0,4,,f18f3d#,False,False,False,True,False,False,f18f3d,f18f3,ff,2,2,0,30-15,0,3,4,0,1,1,,,2
178,20180318,Indian_Wells_Masters,Roger_Federer,Juan_Martin_Del_Potro,197,1,1,4,4,30-30,0,32,1,0,,2,1,JMD,5 b28 f2 s2 f3 b3 b3 f3 b3 f3 b3 b3 b3 b1 f1u+3 m2 p2*,,,5b28f2s2f3b3b3f3b3f3b3b3b3b1f1u+3m2p2*,,0,,5b28f2s2f3b3b3f3b3f3b3b3b3b1f1u+3m2p2*,,1,,1,0,5,,b28f2s2f3b3b3f3b3f3b3b3b3b1f1u+3m2p2*,False,False,True,False,False,False,b28f2s2f3b3b3f3b3f3b3b3b3b1f1u3m2p2,b28f2s2f3b3b3f3b3f3b3b3b3b1f1u3m2p2,bfsfbbfbfbbbbfump,17,1,0,30-40,0,4,4,0,1,1,,,18
188,20180318,Indian_Wells_Masters,Roger_Federer,Juan_Martin_Del_Potro,207,1,1,5,4,40-40,0,33,1,0,,1,2,RF,5 b28 f1 f1 f2d@,,,5b28f1f1f2d@,,0,,5b28f1f1f2d@,,1,,1,0,5,,b28f1f1f2d@,False,False,False,False,True,False,b28f1f1f2d,b28f1f1f2,bfff,4,2,0,40-AD,0,5,4,0,1,1,,,4
192,20180318,Indian_Wells_Masters,Roger_Federer,Juan_Martin_Del_Potro,211,1,1,5,4,40-40,0,33,1,0,,1,2,RF,5 b28 f1 f1 f3 s3 f@,,,5b28f1f1f3s3f@,,0,,5b28f1f1f3s3f@,,1,,1,0,5,,b28f1f1f3s3f@,False,False,False,False,True,False,b28f1f1f3s3f,b28f1f1f3s3f,bfffsf,6,2,0,40-AD,0,5,4,0,1,1,,,6
196,20180318,Indian_Wells_Masters,Roger_Federer,Juan_Martin_Del_Potro,215,1,1,5,5,30-0,0,34,1,0,,2,1,JMD,4 f17*,,,4f17*,,0,,4f17*,,1,,1,0,4,,f17*,False,False,True,False,False,False,f17,f17,f,1,1,0,30-15,0,5,5,0,1,1,,,2
208,20180215,Rotterdam,Roger_Federer,Philipp_Kohlschreiber,6,0,0,1,0,0-0,0,2,1,0,,2,1,PK,6 b2 f2n@,,,6b2f2n@,,0,,6b2f2n@,,1,,1,0,6,,b2f2n@,False,False,False,False,True,False,b2f2n,b2f2,bf,2,1,0,0-15,0,1,0,0,0,0,,,2
252,20180215,Rotterdam,Roger_Federer,Philipp_Kohlschreiber,50,0,0,5,4,0-0,0,10,1,0,,2,1,PK,4 f;3*,,,4f;3*,,0,,4f;3*,,1,,1,0,4,,f;3*,False,False,True,False,False,False,f3,f3,f,1,1,0,0-15,0,5,4,0,0,0,,,2
265,20180215,Rotterdam,Roger_Federer,Philipp_Kohlschreiber,63,0,0,6,5,30-30,0,12,1,0,,2,1,PK,6 b2 f3 s3 f3 b3 f1w@,,RF challenges f1*; call overturned as w@,6b2f3s3f3b3f1w@,,0,,6b2f3s3f3b3f1w@,,1,,1,0,6,,b2f3s3f3b3f1w@,False,False,False,False,True,False,b2f3s3f3b3f1w,b2f3s3f3b3f1,bfsfbf,6,1,0,30-40,0,6,5,0,0,0,,,6
271,20180215,Rotterdam,Roger_Federer,Philipp_Kohlschreiber,87,1,0,0,0,15-15,0,14,1,0,,2,1,PK,4 f1 f2 b3 f2 f3+ s2 z1*,,,4f1f2b3f2f3+s2z1*,,0,,4f1f2b3f2f3+s2z1*,,1,,1,0,4,,f1f2b3f2f3+s2z1*,False,False,True,False,False,False,f1f2b3f2f3s2z1,f1f2b3f2f3s2z1,ffbffsz,7,1,0,15-30,0,0,0,0,1,0,,,8
283,20180215,Rotterdam,Roger_Federer,Philipp_Kohlschreiber,99,1,0,1,1,15-15,0,16,1,0,,2,1,PK,4 f2 s2 f1*,,,4f2s2f1*,,0,,4f2s2f1*,,1,,1,0,4,,f2s2f1*,False,False,True,False,False,False,f2s2f1,f2s2f1,fsf,3,1,0,15-30,0,1,1,0,1,0,,,4
318,20180215,Rotterdam,Roger_Federer,Philipp_Kohlschreiber,134,1,0,4,4,0-0,0,22,1,0,,2,1,PK,6 b2 b3 b3 b2d@,,,6b2b3b3b2d@,,0,,6b2b3b3b2d@,,1,,1,0,6,,b2b3b3b2d@,False,False,False,False,True,False,b2b3b3b2d,b2b3b3b2,bbbb,4,1,0,0-15,0,4,4,0,1,0,,,4
327,20180215,Rotterdam,Roger_Federer,Philipp_Kohlschreiber,143,1,0,5,5,0-0,0,24,1,0,,2,1,PK,4 f2 b2 b3 b3 b2 b1 f1 f3 b3 s3 f1*,,,4f2b2b3b3b2b1f1f3b3s3f1*,,0,,4f2b2b3b3b2b1f1f3b3s3f1*,,1,,1,0,4,,f2b2b3b3b2b1f1f3b3s3f1*,False,False,True,False,False,False,f2b2b3b3b2b1f1f3b3s3f1,f2b2b3b3b2b1f1f3b3s3f1,fbbbbbffbsf,11,1,0,0-15,0,5,5,0,1,0,,,12
337,20180215,Rotterdam,Roger_Federer,Philipp_Kohlschreiber,153,1,0,5,5,40-40,0,24,1,0,,2,1,PK,4 f1 f1 f1 r2 f+3 s1w#,,,4f1f1f1r2f+3s1w#,,0,,4f1f1f1r2f+3s1w#,,1,,1,0,4,,f1f1f1r2f+3s1w#,False,False,False,True,False,False,f1f1f1r2f3s1w,f1f1f1r2f3s1,fffrfs,6,1,0,40-AD,0,5,5,0,1,0,,,6
344,20180122,Australian_Open,Roger_Federer,Marton_Fucsovics,1,0,0,0,0,0-0,0,1,1,0,,1,2,RF,4 f38 s3n@,,,4f38s3n@,,0,,4f38s3n@,,1,,1,0,4,,f38s3n@,False,False,False,False,True,False,f38s3n,f38s3,fs,2,2,0,0-15,0,0,0,0,0,0,,,2
352,20180122,Australian_Open,Roger_Federer,Marton_Fucsovics,9,0,0,1,0,15-15,0,2,1,0,,2,1,MF,5 b38 s3w@,,,5b38s3w@,,0,,5b38s3w@,,1,,1,0,5,,b38s3w@,False,False,False,False,True,False,b38s3w,b38s3,bs,2,1,0,15-30,0,1,0,0,0,0,,,2
371,20180122,Australian_Open,Roger_Federer,Marton_Fucsovics,28,0,0,3,2,0-0,0,6,1,0,,2,1,MF,4 f17 f+1 f3 z3#,,,4f17f+1f3z3#,,0,,4f17f+1f3z3#,,1,,1,0,4,,f17f+1f3z3#,False,False,False,True,False,False,f17f1f3z3,f17f1f3z3,fffz,4,1,0,0-15,0,3,2,0,0,0,,,4
373,20180122,Australian_Open,Roger_Federer,Marton_Fucsovics,30,0,0,3,2,0-30,0,6,1,0,,2,1,MF,c5 s29 f1 f1 f1 f2 f3 s3 f3 b3 b3w@,,An unexpected injection of pace draws an error from Fucsovics.,5s29f1f1f1f2f3s3f3b3b3w@,,0,,5s29f1f1f1f2f3s3f3b3b3w@,,1,,1,0,5,,s29f1f1f1f2f3s3f3b3b3w@,False,False,False,False,True,False,s29f1f1f1f2f3s3f3b3b3w,s29f1f1f1f2f3s3f3b3b3,sfffffsfbb,10,1,0,0-40,0,3,2,0,0,0,,,10
387,20180122,Australian_Open,Roger_Federer,Marton_Fucsovics,44,0,0,3,3,30-0,0,7,1,0,,1,2,RF,4+ f38 i2 b2 t1 f-1*,,Federer appeasing the crowd with a behind-the-back showboat volley. :),4+f38i2b2t1f-1*,,1,,4f38i2b2t1f-1*,,1,,1,0,4,,f38i2b2t1f-1*,False,False,True,False,False,False,f38i2b2t1f1,f38i2b2t1f1,fibtf,5,2,0,30-15,0,3,3,0,0,0,,,6
403,20180122,Australian_Open,Roger_Federer,Marton_Fucsovics,60,0,0,5,4,30-30,0,10,1,0,,2,1,MF,6 b37 b3n@,,Fucsovics went for a cool jumping backhand which he naturally dumped into the net.,6b37b3n@,,0,,6b37b3n@,,1,,1,0,6,,b37b3n@,False,False,False,False,True,False,b37b3n,b37b3,bb,2,1,0,30-40,0,5,4,0,0,0,,,2
422,20180122,Australian_Open,Roger_Federer,Marton_Fucsovics,79,1,0,2,1,30-30,0,14,1,0,,2,1,MF,6 b37 b3 b3 b3d@,,,6b37b3b3b3d@,,0,,6b37b3b3b3d@,,1,,1,0,6,,b37b3b3b3d@,False,False,False,False,True,False,b37b3b3b3d,b37b3b3b3,bbbb,4,1,0,30-40,0,2,1,0,1,0,,,4
432,20180122,Australian_Open,Roger_Federer,Marton_Fucsovics,89,1,0,3,2,0-0,0,16,1,0,,2,1,MF,5 b29 b1 f1*,,,5b29b1f1*,,0,,5b29b1f1*,,1,,1,0,5,,b29b1f1*,False,False,True,False,False,False,b29b1f1,b29b1f1,bbf,3,1,0,0-15,0,3,2,0,1,0,,,4
444,20180122,Australian_Open,Roger_Federer,Marton_Fucsovics,101,1,0,4,3,15-15,0,18,1,0,,2,1,MF,6 b27 f3 b2 f1 f3 b2 b3 s3 f3 f2 f1 l3#,,,6b27f3b2f1f3b2b3s3f3f2f1l3#,,0,,6b27f3b2f1f3b2b3s3f3f2f1l3#,,1,,1,0,6,,b27f3b2f1f3b2b3s3f3f2f1l3#,False,False,False,True,False,False,b27f3b2f1f3b2b3s3f3f2f1l3,b27f3b2f1f3b2b3s3f3f2f1l3,bfbffbbsfffl,12,1,0,15-30,0,4,3,0,1,0,,,12
496,20180122,Australian_Open,Roger_Federer,Marton_Fucsovics,163,2,0,2,1,15-15,0,27,1,0,,1,2,RF,4 f39 b3d#,,,4f39b3d#,,0,,4f39b3d#,,1,,1,0,4,,f39b3d#,False,False,False,True,False,False,f39b3d,f39b3,fb,2,2,0,15-30,0,2,1,0,2,0,,,2
502,20180122,Australian_Open,Roger_Federer,Marton_Fucsovics,169,2,0,3,1,0-0,0,28,1,0,,2,1,MF,6 b;37 s3 b3 b2 f2 f3 b3 b3 b2 f1 f2 b2 b3 b1 f2 f1 f2 f2 f2 f3 b3 s3 b3 b1n@,,,6b;37s3b3b2f2f3b3b3b2f1f2b2b3b1f2f1f2f2f2f3b3s3b3b1n@,,0,,6b;37s3b3b2f2f3b3b3b2f1f2b2b3b1f2f1f2f2f2f3b3s3b3b1n@,,1,,1,0,6,,b;37s3b3b2f2f3b3b3b2f1f2b2b3b1f2f1f2f2f2f3b3s3b3b1n@,False,False,False,False,True,False,b37s3b3b2f2f3b3b3b2f1f2b2b3b1f2f1f2f2f2f3b3s3b3b1n,b37s3b3b2f2f3b3b3b2f1f2b2b3b1f2f1f2f2f2f3b3s3b3b1,bsbbffbbbffbbbffffffbsbb,24,1,0,0-15,0,3,1,0,2,0,,,24
504,20180122,Australian_Open,Roger_Federer,Marton_Fucsovics,171,2,0,3,1,15-15,0,28,1,0,,2,1,MF,5 s29 f3 b1 f1 f1 f2y1 r-3d#,,,5s29f3b1f1f1f2y1r-3d#,,0,,5s29f3b1f1f1f2y1r-3d#,,1,,1,0,5,,s29f3b1f1f1f2y1r-3d#,False,False,False,True,False,False,s29f3b1f1f1f2y1r3d,s29f3b1f1f1f2y1r3,sfbfffyr,8,1,0,15-30,0,3,1,0,2,0,,,8
537,20180120,Australian_Open,Roger_Federer,Richard_Gasquet,15,0,0,2,1,0-0,0,4,1,0,,2,1,RG,4 f28 f2 b3 b3 f1 f2n#,,,4f28f2b3b3f1f2n#,,0,,4f28f2b3b3f1f2n#,,1,,1,0,4,,f28f2b3b3f1f2n#,False,False,False,True,False,False,f28f2b3b3f1f2n,f28f2b3b3f1f2,ffbbff,6,1,0,0-15,0,2,1,0,0,0,,,6
541,20180120,Australian_Open,Roger_Federer,Richard_Gasquet,19,0,0,2,1,30-30,0,4,1,0,,2,1,RG,6 s29 b3 b2 f2 b2 b3 s1 f3 s3 b3 b3 b1 f3 b3 f3*,,The first quality rally Federer played in the tournament actually.,6s29b3b2f2b2b3s1f3s3b3b3b1f3b3f3*,,0,,6s29b3b2f2b2b3s1f3s3b3b3b1f3b3f3*,,1,,1,0,6,,s29b3b2f2b2b3s1f3s3b3b3b1f3b3f3*,False,False,True,False,False,False,s29b3b2f2b2b3s1f3s3b3b3b1f3b3f3,s29b3b2f2b2b3s1f3s3b3b3b1f3b3f3,sbbfbbsfsbbbfbf,15,1,0,30-40,0,2,1,0,0,0,,,16
545,20180120,Australian_Open,Roger_Federer,Richard_Gasquet,23,0,0,2,1,40-40,0,4,1,0,,2,1,RG,6 b27 b3 b3 b3 b3 b3 b2 f1n@,,,6b27b3b3b3b3b3b2f1n@,,0,,6b27b3b3b3b3b3b2f1n@,,1,,1,0,6,,b27b3b3b3b3b3b2f1n@,False,False,False,False,True,False,b27b3b3b3b3b3b2f1n,b27b3b3b3b3b3b2f1,bbbbbbbf,8,1,0,40-AD,0,2,1,0,0,0,,,8
591,20180120,Australian_Open,Roger_Federer,Richard_Gasquet,69,1,0,2,2,0-0,0,13,1,0,,1,2,RF,6 s39 f1n@,,Misjudged the ball.,6s39f1n@,,0,,6s39f1n@,,1,,1,0,6,,s39f1n@,False,False,False,False,True,False,s39f1n,s39f1,sf,2,2,0,0-15,0,2,2,0,1,0,,,2
597,20180120,Australian_Open,Roger_Federer,Richard_Gasquet,75,1,0,3,2,0-0,0,14,1,0,,2,1,RG,6 b29 b1 f2 b3 b1 f1 r1 f1 f3 s3u3 s3w#,,,6b29b1f2b3b1f1r1f1f3s3u3s3w#,,0,,6b29b1f2b3b1f1r1f1f3s3u3s3w#,,1,,1,0,6,,b29b1f2b3b1f1r1f1f3s3u3s3w#,False,False,False,True,False,False,b29b1f2b3b1f1r1f1f3s3u3s3w,b29b1f2b3b1f1r1f1f3s3u3s3,bbfbbfrffsus,12,1,0,0-15,0,3,2,0,1,0,,,12
599,20180120,Australian_Open,Roger_Federer,Richard_Gasquet,77,1,0,3,2,15-15,0,14,1,0,,2,1,RG,4 f19 f1 f1 f2d@,,,4f19f1f1f2d@,,0,,4f19f1f1f2d@,,1,,1,0,4,,f19f1f1f2d@,False,False,False,False,True,False,f19f1f1f2d,f19f1f1f2,ffff,4,1,0,15-30,0,3,2,0,1,0,,,4
633,20180120,Australian_Open,Roger_Federer,Richard_Gasquet,111,1,0,6,5,15-15,0,20,1,0,,2,1,RG,4 f19*,,Right on the sideline.,4f19*,,0,,4f19*,,1,,1,0,4,,f19*,False,False,True,False,False,False,f19,f19,f,1,1,0,15-30,0,6,5,0,1,0,,,2
635,20180120,Australian_Open,Roger_Federer,Richard_Gasquet,113,1,0,6,5,30-30,0,20,1,0,,2,1,RG,6 s28 b+3 b1*,,"""Come on!""",6s28b+3b1*,,0,,6s28b+3b1*,,1,,1,0,6,,s28b+3b1*,False,False,True,False,False,False,s28b3b1,s28b3b1,sbb,3,1,0,30-40,0,6,5,0,1,0,,,4
644,20180120,Australian_Open,Roger_Federer,Richard_Gasquet,122,2,0,1,0,15-15,0,22,1,0,,2,1,RG,5 b28 b3 b2 b3 b3 b3 s3 b1 f1 f2n@,,,5b28b3b2b3b3b3s3b1f1f2n@,,0,,5b28b3b2b3b3b3s3b1f1f2n@,,1,,1,0,5,,b28b3b2b3b3b3s3b1f1f2n@,False,False,False,False,True,False,b28b3b2b3b3b3s3b1f1f2n,b28b3b2b3b3b3s3b1f1f2,bbbbbbsbff,10,1,0,15-30,0,1,0,0,2,0,,,10
671,20180120,Australian_Open,Roger_Federer,Richard_Gasquet,149,2,0,4,2,0-0,0,27,1,0,,1,2,RF,4 f18 f+3n@,,,4f18f+3n@,,0,,4f18f+3n@,,1,,1,0,4,,f18f+3n@,False,False,False,False,True,False,f18f3n,f18f3,ff,2,2,0,0-15,0,4,2,0,2,0,,,2
673,20180120,Australian_Open,Roger_Federer,Richard_Gasquet,151,2,0,4,2,15-15,0,27,1,0,,1,2,RF,4 f38 b1 f1 f3 b3 b3 b2 f2n@,,,4f38b1f1f3b3b3b2f2n@,,0,,4f38b1f1f3b3b3b2f2n@,,1,,1,0,4,,f38b1f1f3b3b3b2f2n@,False,False,False,False,True,False,f38b1f1f3b3b3b2f2n,f38b1f1f3b3b3b2f2,fbffbbbf,8,2,0,15-30,0,4,2,0,2,0,,,8
679,20180120,Australian_Open,Roger_Federer,Richard_Gasquet,157,2,0,4,2,40-40,0,27,1,0,,1,2,RF,6+ s28 v3 b1*,,,6+s28v3b1*,,1,,6s28v3b1*,,1,,1,0,6,,s28v3b1*,False,False,True,False,False,False,s28v3b1,s28v3b1,svb,3,2,0,40-AD,0,4,2,0,2,0,,,4
683,20180120,Australian_Open,Roger_Federer,Richard_Gasquet,161,2,0,4,2,40-40,0,27,1,0,,1,2,RF,c4 f;18 f1 f3 b3 b3 f1w@,,Bad footwork from Federer.,4f;18f1f3b3b3f1w@,,0,,4f;18f1f3b3b3f1w@,,1,,1,0,4,,f;18f1f3b3b3f1w@,False,False,False,False,True,False,f18f1f3b3b3f1w,f18f1f3b3b3f1,fffbbf,6,2,0,40-AD,0,4,2,0,2,0,,,6
701,20180120,Australian_Open,Roger_Federer,Richard_Gasquet,179,2,0,5,4,40-40,0,30,1,0,,2,1,RG,4 f28 f1 f2 f2 b1 f3 b3 m2 o3*,,,4f28f1f2f2b1f3b3m2o3*,,0,,4f28f1f2f2b1f3b3m2o3*,,1,,1,0,4,,f28f1f2f2b1f3b3m2o3*,False,False,True,False,False,False,f28f1f2f2b1f3b3m2o3,f28f1f2f2b1f3b3m2o3,ffffbfbmo,9,1,0,40-AD,0,5,4,0,2,0,,,10
723,20180116,Australian_Open,Roger_Federer,Aljaz_Bedene,17,0,0,2,1,15-15,0,4,1,0,,2,1,AB,4 f;18 f3 s1 f1 f3 b2 f1 f1d@,,,4f;18f3s1f1f3b2f1f1d@,,0,,4f;18f3s1f1f3b2f1f1d@,,1,,1,0,4,,f;18f3s1f1f3b2f1f1d@,False,False,False,False,True,False,f18f3s1f1f3b2f1f1d,f18f3s1f1f3b2f1f1,ffsffbff,8,1,0,15-30,0,2,1,0,0,0,,,8
727,20180116,Australian_Open,Roger_Federer,Aljaz_Bedene,21,0,0,2,1,40-40,0,4,1,0,,2,1,AB,5 s29 f3 b1 f2n@,,,5s29f3b1f2n@,,0,,5s29f3b1f2n@,,1,,1,0,5,,s29f3b1f2n@,False,False,False,False,True,False,s29f3b1f2n,s29f3b1f2,sfbf,4,1,0,40-AD,0,2,1,0,0,0,,,4
729,20180116,Australian_Open,Roger_Federer,Aljaz_Bedene,23,0,0,2,1,40-40,0,4,1,0,,2,1,AB,4 f19 f3w#,,,4f19f3w#,,0,,4f19f3w#,,1,,1,0,4,,f19f3w#,False,False,False,True,False,False,f19f3w,f19f3,ff,2,1,0,40-AD,0,2,1,0,0,0,,,2
765,20180116,Australian_Open,Roger_Federer,Aljaz_Bedene,59,1,0,2,0,0-0,0,12,1,0,,2,1,AB,c6 b28 f1 f2 f2 f1 f2n#,,,6b28f1f2f2f1f2n#,,0,,6b28f1f2f2f1f2n#,,1,,1,0,6,,b28f1f2f2f1f2n#,False,False,False,True,False,False,b28f1f2f2f1f2n,b28f1f2f2f1f2,bfffff,6,1,0,0-15,0,2,0,0,1,0,,,6
773,20180116,Australian_Open,Roger_Federer,Aljaz_Bedene,67,1,0,2,1,15-15,0,13,1,0,,1,2,RF,4 f18 f1 f1 f1 f2 b3 b3 b1d@,,Federer goes for a winner and just barely misses.,4f18f1f1f1f2b3b3b1d@,,0,,4f18f1f1f1f2b3b3b1d@,,1,,1,0,4,,f18f1f1f1f2b3b3b1d@,False,False,False,False,True,False,f18f1f1f1f2b3b3b1d,f18f1f1f1f2b3b3b1,fffffbbb,8,2,0,15-30,0,2,1,0,1,0,,,8
804,20180116,Australian_Open,Roger_Federer,Aljaz_Bedene,98,1,0,5,3,0-0,0,18,1,0,,2,1,AB,6 s29 f3w@,,,6s29f3w@,,0,,6s29f3w@,,1,,1,0,6,,s29f3w@,False,False,False,False,True,False,s29f3w,s29f3,sf,2,1,0,0-15,0,5,3,0,1,0,,,2
814,20180116,Australian_Open,Roger_Federer,Aljaz_Bedene,108,1,0,5,4,0-0,0,19,1,0,,1,2,RF,5 b37 b3x@,,,5b37b3x@,,0,,5b37b3x@,,1,,1,0,5,,b37b3x@,False,False,False,False,True,False,b37b3x,b37b3,bb,2,2,0,0-15,0,5,4,0,1,0,,,2
816,20180116,Australian_Open,Roger_Federer,Aljaz_Bedene,110,1,0,5,4,15-15,0,19,1,0,,1,2,RF,6 s38u+1n@,,Federer tries a cheeky dropper and fails. The crowd gasps in disappointment while Fed and Ljube look just a bit pissed.,6s38u+1n@,,0,,6s38u+1n@,,1,,1,0,6,,s38u+1n@,False,False,False,False,True,False,s38u1n,s38u1,su,2,2,0,15-30,0,5,4,0,1,0,,,2
833,20180116,Australian_Open,Roger_Federer,Aljaz_Bedene,127,2,0,1,1,0-0,0,22,1,0,,2,1,AB,5 b38 f1x@,,,5b38f1x@,,0,,5b38f1x@,,1,,1,0,5,,b38f1x@,False,False,False,False,True,False,b38f1x,b38f1,bf,2,1,0,0-15,0,1,1,0,2,0,,,2
835,20180116,Australian_Open,Roger_Federer,Aljaz_Bedene,129,2,0,1,1,15-15,0,22,1,0,,2,1,AB,5 b29 f3 b2 f3 b2 f1 f1 f3n#,,,5b29f3b2f3b2f1f1f3n#,,0,,5b29f3b2f3b2f1f1f3n#,,1,,1,0,5,,b29f3b2f3b2f1f1f3n#,False,False,False,True,False,False,b29f3b2f3b2f1f1f3n,b29f3b2f3b2f1f1f3,bfbfbfff,8,1,0,15-30,0,1,1,0,2,0,,,8
860,20180116,Australian_Open,Roger_Federer,Aljaz_Bedene,154,2,0,4,2,30-0,0,26,1,0,,2,1,AB,5 s37 s-3w#,,,5s37s-3w#,,0,,5s37s-3w#,,1,,1,0,5,,s37s-3w#,False,False,False,True,False,False,s37s3w,s37s3,ss,2,1,0,30-15,0,4,2,0,2,0,,,2
866,20180116,Australian_Open,Roger_Federer,Aljaz_Bedene,160,2,0,4,3,0-0,0,27,1,0,,1,2,RF,4 f19 f3w@,,,4f19f3w@,,0,,4f19f3w@,,1,,1,0,4,,f19f3w@,False,False,False,False,True,False,f19f3w,f19f3,ff,2,2,0,0-15,0,4,3,0,2,0,,,2
872,20180116,Australian_Open,Roger_Federer,Aljaz_Bedene,166,2,0,5,3,0-0,0,28,1,0,,2,1,AB,4 f18 f2 s3 f3n@,,,4f18f2s3f3n@,,0,,4f18f2s3f3n@,,1,,1,0,4,,f18f2s3f3n@,False,False,False,False,True,False,f18f2s3f3n,f18f2s3f3,ffsf,4,1,0,0-15,0,5,3,0,2,0,,,4
874,20180116,Australian_Open,Roger_Federer,Aljaz_Bedene,168,2,0,5,3,0-30,0,28,1,0,,2,1,AB,6 s38 f3 b2 f1 f1 f3n#,,,6s38f3b2f1f1f3n#,,0,,6s38f3b2f1f1f3n#,,1,,1,0,6,,s38f3b2f1f1f3n#,False,False,False,True,False,False,s38f3b2f1f1f3n,s38f3b2f1f1f3,sfbfff,6,1,0,0-40,0,5,3,0,2,0,,,6
878,20180106,Hopman_Cup,Roger_Federer,Alexander_Zverev,1,0,0,0,0,0-0,0,1,1,0,,1,2,RF,4+ f28 z3n#,,,4+f28z3n#,,1,,4f28z3n#,,1,,1,0,4,,f28z3n#,False,False,False,True,False,False,f28z3n,f28z3,fz,2,2,0,0-15,0,0,0,0,0,0,,,2
888,20180106,Hopman_Cup,Roger_Federer,Alexander_Zverev,11,0,0,1,0,15-15,0,2,1,0,,2,1,AZ,4 f28 b3 b2 f1w@,,,4f28b3b2f1w@,,0,,4f28b3b2f1w@,,1,,1,0,4,,f28b3b2f1w@,False,False,False,False,True,False,f28b3b2f1w,f28b3b2f1,fbbf,4,1,0,15-30,0,1,0,0,0,0,,,4
898,20180106,Hopman_Cup,Roger_Federer,Alexander_Zverev,21,0,0,1,0,40-40,0,2,1,0,,2,1,AZ,6 s28 f1 f1 f1 f1 f1 f1 f1 f1 f3 s3 s-2 f3*,,,6s28f1f1f1f1f1f1f1f1f3s3s-2f3*,,0,,6s28f1f1f1f1f1f1f1f1f3s3s-2f3*,,1,,1,0,6,,s28f1f1f1f1f1f1f1f1f3s3s-2f3*,False,False,True,False,False,False,s28f1f1f1f1f1f1f1f1f3s3s2f3,s28f1f1f1f1f1f1f1f1f3s3s2f3,sfffffffffssf,13,1,0,40-AD,0,1,0,0,0,0,,,14
902,20180106,Hopman_Cup,Roger_Federer,Alexander_Zverev,25,0,0,1,0,40-40,0,2,1,0,,2,1,AZ,4 f29 b3 b3 b3w@,,,4f29b3b3b3w@,,0,,4f29b3b3b3w@,,1,,1,0,4,,f29b3b3b3w@,False,False,False,False,True,False,f29b3b3b3w,f29b3b3b3,fbbb,4,1,0,40-AD,0,1,0,0,0,0,,,4
922,20180106,Hopman_Cup,Roger_Federer,Alexander_Zverev,45,0,0,3,2,0-0,0,6,1,0,,2,1,AZ,4 f28 b3w@,,,4f28b3w@,,0,,4f28b3w@,,1,,1,0,4,,f28b3w@,False,False,False,False,True,False,f28b3w,f28b3,fb,2,1,0,0-15,0,3,2,0,0,0,,,2
924,20180106,Hopman_Cup,Roger_Federer,Alexander_Zverev,47,0,0,3,2,15-15,0,6,1,0,,2,1,AZ,4 f29 b3 b3 s1 j1*,,,4f29b3b3s1j1*,,0,,4f29b3b3s1j1*,,1,,1,0,4,,f29b3b3s1j1*,False,False,True,False,False,False,f29b3b3s1j1,f29b3b3s1j1,fbbsj,5,1,0,15-30,0,3,2,0,0,0,,,6
936,20180106,Hopman_Cup,Roger_Federer,Alexander_Zverev,59,0,0,4,3,0-0,0,8,1,0,,2,1,AZ,4 f28 f2 f1 f1 f3*,,,4f28f2f1f1f3*,,0,,4f28f2f1f1f3*,,1,,1,0,4,,f28f2f1f1f3*,False,False,True,False,False,False,f28f2f1f1f3,f28f2f1f1f3,fffff,5,1,0,0-15,0,4,3,0,0,0,,,6
961,20180106,Hopman_Cup,Roger_Federer,Alexander_Zverev,84,0,0,6,5,30-30,0,12,1,0,,2,1,AZ,4 f19 f3 b2 f3 s3 f3 s3 f3 b3 b2 f2 f1 f1 f2 b3 s3n#,,,4f19f3b2f3s3f3s3f3b3b2f2f1f1f2b3s3n#,,0,,4f19f3b2f3s3f3s3f3b3b2f2f1f1f2b3s3n#,,1,,1,0,4,,f19f3b2f3s3f3s3f3b3b2f2f1f1f2b3s3n#,False,False,False,True,False,False,f19f3b2f3s3f3s3f3b3b2f2f1f1f2b3s3n,f19f3b2f3s3f3s3f3b3b2f2f1f1f2b3s3,ffbfsfsfbbffffbs,16,1,0,30-40,0,6,5,0,0,0,,,16
967,20180106,Hopman_Cup,Roger_Federer,Alexander_Zverev,101,0,1,0,0,15-15,0,14,1,0,,2,1,AZ,4 f28 b3 b2 f3 s+3 s1 v1*,,,4f28b3b2f3s+3s1v1*,,0,,4f28b3b2f3s+3s1v1*,,1,,1,0,4,,f28b3b2f3s+3s1v1*,False,False,True,False,False,False,f28b3b2f3s3s1v1,f28b3b2f3s3s1v1,fbbfssv,7,1,0,15-30,0,0,0,0,0,1,,,8
979,20180106,Hopman_Cup,Roger_Federer,Alexander_Zverev,113,0,1,2,0,30-30,0,16,1,0,,2,1,AZ,4 f28 f2 f2 b3 f1*,,,4f28f2f2b3f1*,,0,,4f28f2f2b3f1*,,1,,1,0,4,,f28f2f2b3f1*,False,False,True,False,False,False,f28f2f2b3f1,f28f2f2b3f1,fffbf,5,1,0,30-40,0,2,0,0,0,1,,,6
981,20180106,Hopman_Cup,Roger_Federer,Alexander_Zverev,115,0,1,3,0,0-0,0,17,1,0,,1,2,RF,6+ b28 v3w#,,,6+b28v3w#,,1,,6b28v3w#,,1,,1,0,6,,b28v3w#,False,False,False,True,False,False,b28v3w,b28v3,bv,2,2,0,0-15,0,3,0,0,0,1,,,2
987,20180106,Hopman_Cup,Roger_Federer,Alexander_Zverev,121,0,1,3,0,40-40,0,17,1,0,,1,2,RF,4 f29 f2 b3 b3w@,,,4f29f2b3b3w@,,0,,4f29f2b3b3w@,,1,,1,0,4,,f29f2b3b3w@,False,False,False,False,True,False,f29f2b3b3w,f29f2b3b3,ffbb,4,2,0,40-AD,0,3,0,0,0,1,,,4
1011,20180106,Hopman_Cup,Roger_Federer,Alexander_Zverev,145,1,1,1,1,0-0,0,22,1,0,,2,1,AZ,6 s27 f2+ f3 z2 f-1*,,,6s27f2+f3z2f-1*,,0,,6s27f2+f3z2f-1*,,1,,1,0,6,,s27f2+f3z2f-1*,False,False,True,False,False,False,s27f2f3z2f1,s27f2f3z2f1,sffzf,5,1,0,0-15,0,1,1,0,1,1,,,6
1017,20180106,Hopman_Cup,Roger_Federer,Alexander_Zverev,151,1,1,1,1,40-40,0,22,1,0,,2,1,AZ,6 s28 b1 f1 f2 s1 f3 b2 f1 f1*,,,6s28b1f1f2s1f3b2f1f1*,,0,,6s28b1f1f2s1f3b2f1f1*,,1,,1,0,6,,s28b1f1f2s1f3b2f1f1*,False,False,True,False,False,False,s28b1f1f2s1f3b2f1f1,s28b1f1f2s1f3b2f1f1,sbffsfbff,9,1,0,40-AD,0,1,1,0,1,1,,,10
1026,20180106,Hopman_Cup,Roger_Federer,Alexander_Zverev,160,1,1,3,1,30-0,0,24,1,0,,2,1,AZ,4 f39 s#,,,4f39s#,,0,,4f39s#,,1,,1,0,4,,f39s#,False,False,False,True,False,False,f39s,f39s,fs,2,1,0,30-15,0,3,1,0,1,1,,,2
1030,20180106,Hopman_Cup,Roger_Federer,Alexander_Zverev,164,1,1,3,1,40-40,0,24,1,0,,2,1,AZ,c4 f;18 f!@,,,4f;18f!@,,0,,4f;18f!@,,1,,1,0,4,,f;18f!@,False,False,False,False,True,False,f18f!,f18f,ff,2,1,0,40-AD,0,3,1,0,1,1,,,2
1032,20180106,Hopman_Cup,Roger_Federer,Alexander_Zverev,166,1,1,3,1,40-40,0,24,1,0,,2,1,AZ,6 s28 f1n@,,,6s28f1n@,,0,,6s28f1n@,,1,,1,0,6,,s28f1n@,False,False,False,False,True,False,s28f1n,s28f1,sf,2,1,0,40-AD,0,3,1,0,1,1,,,2
1040,20180106,Hopman_Cup,Roger_Federer,Alexander_Zverev,174,1,1,5,1,30-0,0,26,1,0,,2,1,AZ,4 f28 b3w@,,,4f28b3w@,,0,,4f28b3w@,,1,,1,0,4,,f28b3w@,False,False,False,False,True,False,f28b3w,f28b3,fb,2,1,0,30-15,0,5,1,0,1,1,,,2
1052,20170401,Miami_Masters,Roger_Federer,Nick_Kyrgios,1,0,0,0,0,0-0,0,1,1,0,,1,2,RF,6 b29 b3w#,,,6b29b3w#,,0,,6b29b3w#,,1,,1,0,6,,b29b3w#,False,False,False,True,False,False,b29b3w,b29b3,bb,2,2,0,0-15,0,0,0,0,0,0,,,2
1080,20170401,Miami_Masters,Roger_Federer,Nick_Kyrgios,29,0,0,2,1,40-40,0,4,1,0,,2,1,NK,4 f;27 r3 b1*,,,4f;27r3b1*,,0,,4f;27r3b1*,,1,,1,0,4,,f;27r3b1*,False,False,True,False,False,False,f27r3b1,f27r3b1,frb,3,1,0,40-AD,0,2,1,0,0,0,,,4
1097,20170401,Miami_Masters,Roger_Federer,Nick_Kyrgios,46,0,0,3,3,0-0,0,7,1,0,,1,2,RF,4 f28 b2 b3 f3 s2u3n@,,,4f28b2b3f3s2u3n@,,0,,4f28b2b3f3s2u3n@,,1,,1,0,4,,f28b2b3f3s2u3n@,False,False,False,False,True,False,f28b2b3f3s2u3n,f28b2b3f3s2u3,fbbfsu,6,2,0,0-15,0,3,3,0,0,0,,,6
1120,20170401,Miami_Masters,Roger_Federer,Nick_Kyrgios,69,0,0,4,5,0-0,0,10,1,0,,2,1,NK,4 f38 b3 b3 b1d#,,,4f38b3b3b1d#,,0,,4f38b3b3b1d#,,1,,1,0,4,,f38b3b3b1d#,False,False,False,True,False,False,f38b3b3b1d,f38b3b3b1,fbbb,4,1,0,0-15,0,4,5,0,0,0,,,4
1127,20170401,Miami_Masters,Roger_Federer,Nick_Kyrgios,76,0,0,5,5,30-0,0,11,1,0,,1,2,RF,4 r28 f1 f2 f3w@,,,4r28f1f2f3w@,,0,,4r28f1f2f3w@,,1,,1,0,4,,r28f1f2f3w@,False,False,False,False,True,False,r28f1f2f3w,r28f1f2f3,rfff,4,2,0,30-15,0,5,5,0,0,0,,,4
1130,20170401,Miami_Masters,Roger_Federer,Nick_Kyrgios,79,0,0,6,5,0-0,0,12,1,0,,2,1,NK,6 s38 b3 s3 s2 f+3 b2 z3 m2 o1*,,,6s38b3s3s2f+3b2z3m2o1*,,0,,6s38b3s3s2f+3b2z3m2o1*,,1,,1,0,6,,s38b3s3s2f+3b2z3m2o1*,False,False,True,False,False,False,s38b3s3s2f3b2z3m2o1,s38b3s3s2f3b2z3m2o1,sbssfbzmo,9,1,0,0-15,0,6,5,0,0,0,,,10
1132,20170401,Miami_Masters,Roger_Federer,Nick_Kyrgios,81,0,0,6,5,15-15,0,12,1,0,,2,1,NK,5 b28 f+3n@,,,5b28f+3n@,,0,,5b28f+3n@,,1,,1,0,5,,b28f+3n@,False,False,False,False,True,False,b28f3n,b28f3,bf,2,1,0,15-30,0,6,5,0,0,0,,,2
1241,20170401,Miami_Masters,Roger_Federer,Nick_Kyrgios,230,1,1,3,3,30-0,0,33,1,0,,1,2,RF,4 r28 f1 f1 f2 b2 f+1 f3*,,,4r28f1f1f2b2f+1f3*,,0,,4r28f1f1f2b2f+1f3*,,1,,1,0,4,,r28f1f1f2b2f+1f3*,False,False,True,False,False,False,r28f1f1f2b2f1f3,r28f1f1f2b2f1f3,rfffbff,7,2,0,30-15,0,3,3,0,1,1,,,8
1253,20170401,Miami_Masters,Roger_Federer,Nick_Kyrgios,242,1,1,5,4,0-0,0,36,1,0,,2,1,NK,4+ f28 z2n#,,,4+f28z2n#,,1,,4f28z2n#,,1,,1,0,4,,f28z2n#,False,False,False,True,False,False,f28z2n,f28z2,fz,2,1,0,0-15,0,5,4,0,1,1,,,2
1255,20170401,Miami_Masters,Roger_Federer,Nick_Kyrgios,244,1,1,5,4,15-15,0,36,1,0,,2,1,NK,4 f27 f2d@,,,4f27f2d@,,0,,4f27f2d@,,1,,1,0,4,,f27f2d@,False,False,False,False,True,False,f27f2d,f27f2,ff,2,1,0,15-30,0,5,4,0,1,1,,,2
1340,20170319,Indian_Wells_Masters,Roger_Federer,Stanislas_Wawrinka,71,1,0,0,2,0-0,0,13,1,0,,1,2,RF,5+ s27 z2 f3*,,,5+s27z2f3*,,1,,5s27z2f3*,,1,,1,0,5,,s27z2f3*,False,False,True,False,False,False,s27z2f3,s27z2f3,szf,3,2,0,0-15,0,0,2,0,1,0,,,4
1345,20170319,Indian_Wells_Masters,Roger_Federer,Stanislas_Wawrinka,76,1,0,1,2,0-0,0,14,1,0,,2,1,SW,4 f38 b3w@,,,4f38b3w@,,0,,4f38b3w@,,1,,1,0,4,,f38b3w@,False,False,False,False,True,False,f38b3w,f38b3,fb,2,1,0,0-15,0,1,2,0,1,0,,,2
1364,20170319,Indian_Wells_Masters,Roger_Federer,Stanislas_Wawrinka,95,1,0,3,3,0-0,0,17,1,0,,1,2,RF,4 r17 f1w@,,,4r17f1w@,,0,,4r17f1w@,,1,,1,0,4,,r17f1w@,False,False,False,False,True,False,r17f1w,r17f1,rf,2,2,0,0-15,0,3,3,0,1,0,,,2
1387,20170319,Indian_Wells_Masters,Roger_Federer,Stanislas_Wawrinka,118,1,0,5,5,30-0,0,21,1,0,,1,2,RF,4 r28 f3 b3 b2n@,,,4r28f3b3b2n@,,0,,4r28f3b3b2n@,,1,,1,0,4,,r28f3b3b2n@,False,False,False,False,True,False,r28f3b3b2n,r28f3b3b2,rfbb,4,2,0,30-15,0,5,5,0,1,0,,,4
1401,20170126,Australian_Open,Roger_Federer,Stanislas_Wawrinka,3,0,0,0,0,30-0,0,1,1,0,,1,2,RF,6 s28 f3w@,,,6s28f3w@,,0,,6s28f3w@,,1,,1,0,6,,s28f3w@,False,False,False,False,True,False,s28f3w,s28f3,sf,2,2,0,30-15,0,0,0,0,0,0,,,2
1404,20170126,Australian_Open,Roger_Federer,Stanislas_Wawrinka,6,0,0,1,0,0-0,0,2,1,0,,2,1,SW,4 f18 f2d#,,,4f18f2d#,,0,,4f18f2d#,,1,,1,0,4,,f18f2d#,False,False,False,True,False,False,f18f2d,f18f2,ff,2,1,0,0-15,0,1,0,0,0,0,,,2
1417,20170126,Australian_Open,Roger_Federer,Stanislas_Wawrinka,19,0,0,2,1,0-0,0,4,1,0,,2,1,SW,4 f39 b3 s3 s2 b3 b3w@,,,4f39b3s3s2b3b3w@,,0,,4f39b3s3s2b3b3w@,,1,,1,0,4,,f39b3s3s2b3b3w@,False,False,False,False,True,False,f39b3s3s2b3b3w,f39b3s3s2b3b3,fbssbb,6,1,0,0-15,0,2,1,0,0,0,,,6
1419,20170126,Australian_Open,Roger_Federer,Stanislas_Wawrinka,21,0,0,2,1,0-30,0,4,1,0,,2,1,SW,5 f29 f3 i3 b1d#,,,5f29f3i3b1d#,,0,,5f29f3i3b1d#,,1,,1,0,5,,f29f3i3b1d#,False,False,False,True,False,False,f29f3i3b1d,f29f3i3b1,ffib,4,1,0,0-40,0,2,1,0,0,0,,,4
1441,20170126,Australian_Open,Roger_Federer,Stanislas_Wawrinka,43,0,0,3,2,30-0,0,6,1,0,,2,1,SW,4 f27 b3y1 f-n#,,,4f27b3y1f-n#,,0,,4f27b3y1f-n#,,1,,1,0,4,,f27b3y1f-n#,False,False,False,True,False,False,f27b3y1fn,f27b3y1f,fbyf,4,1,0,30-15,0,3,2,0,0,0,,,4
1445,20170126,Australian_Open,Roger_Federer,Stanislas_Wawrinka,47,0,0,3,3,0-0,0,7,1,0,,1,2,RF,4 r27 v-1 l2 o3 s2 h2n@,,,4r27v-1l2o3s2h2n@,,0,,4r27v-1l2o3s2h2n@,,1,,1,0,4,,r27v-1l2o3s2h2n@,False,False,False,False,True,False,r27v1l2o3s2h2n,r27v1l2o3s2h2,rvlosh,6,2,0,0-15,0,3,3,0,0,0,,,6
1469,20170126,Australian_Open,Roger_Federer,Stanislas_Wawrinka,71,0,0,5,5,15-15,0,11,1,0,,1,2,RF,4 r29 b3w@,,,4r29b3w@,,0,,4r29b3w@,,1,,1,0,4,,r29b3w@,False,False,False,False,True,False,r29b3w,r29b3,rb,2,2,0,15-30,0,5,5,0,0,0,,,2
1471,20170126,Australian_Open,Roger_Federer,Stanislas_Wawrinka,73,0,0,5,5,30-30,0,11,1,0,,1,2,RF,4 r28 f3 b3 s2n#,,,4r28f3b3s2n#,,0,,4r28f3b3s2n#,,1,,1,0,4,,r28f3b3s2n#,False,False,False,True,False,False,r28f3b3s2n,r28f3b3s2,rfbs,4,2,0,30-40,0,5,5,0,0,0,,,4
1477,20170126,Australian_Open,Roger_Federer,Stanislas_Wawrinka,79,0,0,6,5,15-15,0,12,1,0,,2,1,SW,5 s27 b3w@,,,5s27b3w@,,0,,5s27b3w@,,1,,1,0,5,,s27b3w@,False,False,False,False,True,False,s27b3w,s27b3,sb,2,1,0,15-30,0,6,5,0,0,0,,,2
1479,20170126,Australian_Open,Roger_Federer,Stanislas_Wawrinka,81,0,0,6,5,30-30,0,12,1,0,,2,1,SW,6 s28 b3 s3 b3 s3 b1w@,,,6s28b3s3b3s3b1w@,,0,,6s28b3s3b3s3b1w@,,1,,1,0,6,,s28b3s3b3s3b1w@,False,False,False,False,True,False,s28b3s3b3s3b1w,s28b3s3b3s3b1,sbsbsb,6,1,0,30-40,0,6,5,0,0,0,,,6
1494,20170126,Australian_Open,Roger_Federer,Stanislas_Wawrinka,96,1,0,1,1,15-15,0,15,1,0,,1,2,RF,6 s37 b3 b2 h3 b3 b3 b3 b3 s1 f1 f1 f1d@,,,6s37b3b2h3b3b3b3b3s1f1f1f1d@,,0,,6s37b3b2h3b3b3b3b3s1f1f1f1d@,,1,,1,0,6,,s37b3b2h3b3b3b3b3s1f1f1f1d@,False,False,False,False,True,False,s37b3b2h3b3b3b3b3s1f1f1f1d,s37b3b2h3b3b3b3b3s1f1f1f1,sbbhbbbbsfff,12,2,0,15-30,0,1,1,0,1,0,,,12
1506,20170126,Australian_Open,Roger_Federer,Stanislas_Wawrinka,108,1,0,2,2,30-0,0,17,1,0,,1,2,RF,6 s27 z-3 b-3 b2n#,,,6s27z-3b-3b2n#,,0,,6s27z-3b-3b2n#,,1,,1,0,6,,s27z-3b-3b2n#,False,False,False,True,False,False,s27z3b3b2n,s27z3b3b2,szbb,4,2,0,30-15,0,2,2,0,1,0,,,4
1548,20170126,Australian_Open,Roger_Federer,Stanislas_Wawrinka,150,2,0,1,2,0-30,0,25,1,0,,1,2,RF,4 f28 f2n@,,,4f28f2n@,,0,,4f28f2n@,,1,,1,0,4,,f28f2n@,False,False,False,False,True,False,f28f2n,f28f2,ff,2,2,0,0-40,0,1,2,0,2,0,,,2
1556,20170126,Australian_Open,Roger_Federer,Stanislas_Wawrinka,158,2,0,1,4,0-0,0,27,1,0,,1,2,RF,4 f27 f+3 b3 z2n#,,,4f27f+3b3z2n#,,0,,4f27f+3b3z2n#,,1,,1,0,4,,f27f+3b3z2n#,False,False,False,True,False,False,f27f3b3z2n,f27f3b3z2,ffbz,4,2,0,0-15,0,1,4,0,2,0,,,4
1576,20170126,Australian_Open,Roger_Federer,Stanislas_Wawrinka,178,2,1,0,1,30-30,0,30,1,0,,2,1,SW,c6 s28 f3 s1 f3 b2 f3 b3 b3 b2 b2 s2 b3d@,,,6s28f3s1f3b2f3b3b3b2b2s2b3d@,,0,,6s28f3s1f3b2f3b3b3b2b2s2b3d@,,1,,1,0,6,,s28f3s1f3b2f3b3b3b2b2s2b3d@,False,False,False,False,True,False,s28f3s1f3b2f3b3b3b2b2s2b3d,s28f3s1f3b2f3b3b3b2b2s2b3,sfsfbfbbbbsb,12,1,0,30-40,0,0,1,0,2,1,,,12
1607,20170126,Australian_Open,Roger_Federer,Stanislas_Wawrinka,209,2,1,4,3,30-0,0,36,1,0,,2,1,SW,6 s;27 r-3 b1*,,,6s;27r-3b1*,,0,,6s;27r-3b1*,,1,,1,0,6,,s;27r-3b1*,False,False,True,False,False,False,s27r3b1,s27r3b1,srb,3,1,0,30-15,0,4,3,0,2,1,,,4
1615,20170126,Australian_Open,Roger_Federer,Stanislas_Wawrinka,217,2,1,4,4,0-30,0,37,1,0,,1,2,RF,4+ r18*,,,4+r18*,,1,,4r18*,,1,,1,0,4,,r18*,False,False,True,False,False,False,r18,r18,r,1,2,0,0-40,0,4,4,0,2,1,,,2
1636,20170126,Australian_Open,Roger_Federer,Stanislas_Wawrinka,238,2,2,1,1,30-30,0,41,0,0,,1,2,RF,4 r29 f3 b2 f3 b3 b1 r1 f3 b3 b3n@,,,4r29f3b2f3b3b1r1f3b3b3n@,,0,,4r29f3b2f3b3b1r1f3b3b3n@,,1,,1,0,4,,r29f3b2f3b3b1r1f3b3b3n@,False,False,False,False,True,False,r29f3b2f3b3b1r1f3b3b3n,r29f3b2f3b3b1r1f3b3b3,rfbfbbrfbb,10,2,0,30-40,0,1,1,0,2,2,,,10
1640,20170126,Australian_Open,Roger_Federer,Stanislas_Wawrinka,242,2,2,2,1,0-0,0,42,0,0,,2,1,SW,5 s28 b3 b2 b3n@,,,5s28b3b2b3n@,,0,,5s28b3b2b3n@,,1,,1,0,5,,s28b3b2b3n@,False,False,False,False,True,False,s28b3b2b3n,s28b3b2b3,sbbb,4,1,0,0-15,0,2,1,0,2,2,,,4
1646,20170126,Australian_Open,Roger_Federer,Stanislas_Wawrinka,248,2,2,2,2,0-0,0,43,0,0,,1,2,RF,4 f29 h3n#,,,4f29h3n#,,0,,4f29h3n#,,1,,1,0,4,,f29h3n#,False,False,False,True,False,False,f29h3n,f29h3,fh,2,2,0,0-15,0,2,2,0,2,2,,,2
1654,20170126,Australian_Open,Roger_Federer,Stanislas_Wawrinka,256,2,2,2,2,40-40,0,43,0,0,,1,2,RF,6 s28 f2 f2 b2 f1 f1 f2 b3 b3 b2 f2 f1 f2 s2 b1 f3 b3 b2n@,,,6s28f2f2b2f1f1f2b3b3b2f2f1f2s2b1f3b3b2n@,,0,,6s28f2f2b2f1f1f2b3b3b2f2f1f2s2b1f3b3b2n@,,1,,1,0,6,,s28f2f2b2f1f1f2b3b3b2f2f1f2s2b1f3b3b2n@,False,False,False,False,True,False,s28f2f2b2f1f1f2b3b3b2f2f1f2s2b1f3b3b2n,s28f2f2b2f1f1f2b3b3b2f2f1f2s2b1f3b3b2,sffbfffbbbfffsbfbb,18,2,0,40-AD,0,2,2,0,2,2,,,18
1660,20170126,Australian_Open,Roger_Federer,Stanislas_Wawrinka,262,2,2,3,2,15-15,0,44,0,0,,2,1,SW,4 f29 h3n#,,,4f29h3n#,,0,,4f29h3n#,,1,,1,0,4,,f29h3n#,False,False,False,True,False,False,f29h3n,f29h3,fh,2,1,0,15-30,0,3,2,0,2,2,,,2
1683,20170124,Australian_Open,Roger_Federer,Mischa_Zverev,7,0,0,1,0,30-0,0,2,1,0,,2,1,MZ,4 f19 z=+2 b3 v1n#,,,4f19z=+2b3v1n#,,0,,4f19z=+2b3v1n#,,1,,1,0,4,,f19z=+2b3v1n#,False,False,False,True,False,False,f19z2b3v1n,f19z2b3v1,fzbv,4,1,0,30-15,0,1,0,0,0,0,,,4
1685,20170124,Australian_Open,Roger_Federer,Mischa_Zverev,9,0,0,1,0,30-30,0,2,1,0,,2,1,MZ,6+ b28 z+3 f3*,,MZ hit his second shot (z+3) just behind the service line making it a two-part approach,6+b28z+3f3*,,1,,6b28z+3f3*,,1,,1,0,6,,b28z+3f3*,False,False,True,False,False,False,b28z3f3,b28z3f3,bzf,3,1,0,30-40,0,1,0,0,0,0,,,4
1693,20170124,Australian_Open,Roger_Federer,Mischa_Zverev,17,0,0,3,0,0-0,0,4,1,0,,2,1,MZ,6+ b28 i3 f+3*,,,6+b28i3f+3*,,1,,6b28i3f+3*,,1,,1,0,6,,b28i3f+3*,False,False,True,False,False,False,b28i3f3,b28i3f3,bif,3,1,0,0-15,0,3,0,0,0,0,,,4
1695,20170124,Australian_Open,Roger_Federer,Mischa_Zverev,19,0,0,3,0,0-30,0,4,1,0,,2,1,MZ,6+ b27 i3 m2*,,,6+b27i3m2*,,1,,6b27i3m2*,,1,,1,0,6,,b27i3m2*,False,False,True,False,False,False,b27i3m2,b27i3m2,bim,3,1,0,0-40,0,3,0,0,0,0,,,4
1723,20170124,Australian_Open,Roger_Federer,Mischa_Zverev,47,1,0,0,1,15-15,0,9,1,0,,1,2,RF,6 f28 f3 f1 f3 f1*,,,6f28f3f1f3f1*,,0,,6f28f3f1f3f1*,,1,,1,0,6,,f28f3f1f3f1*,False,False,True,False,False,False,f28f3f1f3f1,f28f3f1f3f1,fffff,5,2,0,15-30,0,0,1,0,1,0,,,6
1731,20170124,Australian_Open,Roger_Federer,Mischa_Zverev,55,1,0,1,2,0-0,0,11,1,0,,1,2,RF,4 s28 f+1 b3 z1 m3 p1w#,,MZ's backhand lob (m3) was a flat one-handed flick due to him being caught moving the wrong way and being unable to play a two-handed shot from that distance away,4s28f+1b3z1m3p1w#,,0,,4s28f+1b3z1m3p1w#,,1,,1,0,4,,s28f+1b3z1m3p1w#,False,False,False,True,False,False,s28f1b3z1m3p1w,s28f1b3z1m3p1,sfbzmp,6,2,0,0-15,0,1,2,0,1,0,,,6
1743,20170124,Australian_Open,Roger_Federer,Mischa_Zverev,67,1,0,2,3,30-0,0,13,1,0,,1,2,RF,5 s29 f1 b1 f1 b3 s+1 b1*,,,5s29f1b1f1b3s+1b1*,,0,,5s29f1b1f1b3s+1b1*,,1,,1,0,5,,s29f1b1f1b3s+1b1*,False,False,True,False,False,False,s29f1b1f1b3s1b1,s29f1b1f1b3s1b1,sfbfbsb,7,2,0,30-15,0,2,3,0,1,0,,,8
1754,20170124,Australian_Open,Roger_Federer,Mischa_Zverev,78,1,0,3,4,30-0,0,15,1,0,,1,2,RF,4+ b29 z3n@,,,4+b29z3n@,,1,,4b29z3n@,,1,,1,0,4,,b29z3n@,False,False,False,False,True,False,b29z3n,b29z3,bz,2,2,0,30-15,0,3,4,0,1,0,,,2
1764,20170124,Australian_Open,Roger_Federer,Mischa_Zverev,88,1,0,4,5,15-15,0,17,1,0,,1,2,RF,6 f27 f3 f1 f1 b3 s+1 b3 z3#,,RF's volley (z3#) did not reach the net,6f27f3f1f1b3s+1b3z3#,,0,,6f27f3f1f1b3s+1b3z3#,,1,,1,0,6,,f27f3f1f1b3s+1b3z3#,False,False,False,True,False,False,f27f3f1f1b3s1b3z3,f27f3f1f1b3s1b3z3,ffffbsbz,8,2,0,15-30,0,4,5,0,1,0,,,8
1778,20170124,Australian_Open,Roger_Federer,Mischa_Zverev,102,2,0,0,0,0-0,0,20,1,0,,2,1,MZ,5+ b27u3n@,,,5+b27u3n@,,1,,5b27u3n@,,1,,1,0,5,,b27u3n@,False,False,False,False,True,False,b27u3n,b27u3,bu,2,1,0,0-15,0,0,0,0,2,0,,,2
1784,20170124,Australian_Open,Roger_Federer,Mischa_Zverev,108,2,0,0,0,40-40,0,20,1,0,,2,1,MZ,6+ b28 z3 b;1*,,Net-cord did not alter the shot trajectory at all (MZ was nowhere close to hitting it anyway),6+b28z3b;1*,,1,,6b28z3b;1*,,1,,1,0,6,,b28z3b;1*,False,False,True,False,False,False,b28z3b1,b28z3b1,bzb,3,1,0,40-AD,0,0,0,0,2,0,,,4
1788,20170124,Australian_Open,Roger_Federer,Mischa_Zverev,112,2,0,0,1,0-0,0,21,1,0,,1,2,RF,5 b38 b2n#,,,5b38b2n#,,0,,5b38b2n#,,1,,1,0,5,,b38b2n#,False,False,False,True,False,False,b38b2n,b38b2,bb,2,2,0,0-15,0,0,1,0,2,0,,,2
1795,20170124,Australian_Open,Roger_Federer,Mischa_Zverev,119,2,0,1,1,30-0,0,22,1,0,,2,1,MZ,6+ b28 h2 f-3*,,,6+b28h2f-3*,,1,,6b28h2f-3*,,1,,1,0,6,,b28h2f-3*,False,False,True,False,False,False,b28h2f3,b28h2f3,bhf,3,1,0,30-15,0,1,1,0,2,0,,,4
1808,20170124,Australian_Open,Roger_Federer,Mischa_Zverev,132,2,0,2,2,30-30,0,24,1,0,,2,1,MZ,6+ b28 v3 b3 v2n#,,,6+b28v3b3v2n#,,1,,6b28v3b3v2n#,,1,,1,0,6,,b28v3b3v2n#,False,False,False,True,False,False,b28v3b3v2n,b28v3b3v2,bvbv,4,1,0,30-40,0,2,2,0,2,0,,,4
1812,20170124,Australian_Open,Roger_Federer,Mischa_Zverev,136,2,0,2,2,40-40,0,24,1,0,,2,1,MZ,6+ b28 v2 f3*,,,6+b28v2f3*,,1,,6b28v2f3*,,1,,1,0,6,,b28v2f3*,False,False,True,False,False,False,b28v2f3,b28v2f3,bvf,3,1,0,40-AD,0,2,2,0,2,0,,,4
1825,20170124,Australian_Open,Roger_Federer,Mischa_Zverev,149,2,0,4,2,40-40,0,26,1,0,,2,1,MZ,5+ b18 z3 b3*,,MZ guessed RF's passing shot would be b1,5+b18z3b3*,,1,,5b18z3b3*,,1,,1,0,5,,b18z3b3*,False,False,True,False,False,False,b18z3b3,b18z3b3,bzb,3,1,0,40-AD,0,4,2,0,2,0,,,4
1833,20170124,Australian_Open,Roger_Federer,Mischa_Zverev,157,2,0,4,2,40-40,0,26,1,0,,2,1,MZ,5+ f18 z3 b3 v2 f1 z2 f1*,,,5+f18z3b3v2f1z2f1*,,1,,5f18z3b3v2f1z2f1*,,1,,1,0,5,,f18z3b3v2f1z2f1*,False,False,True,False,False,False,f18z3b3v2f1z2f1,f18z3b3v2f1z2f1,fzbvfzf,7,1,0,40-AD,0,4,2,0,2,0,,,8
1835,20170124,Australian_Open,Roger_Federer,Mischa_Zverev,159,2,0,4,2,40-40,0,26,1,0,,2,1,MZ,4+ f18 z1w@,,,4+f18z1w@,,1,,4f18z1w@,,1,,1,0,4,,f18z1w@,False,False,False,False,True,False,f18z1w,f18z1,fz,2,1,0,40-AD,0,4,2,0,2,0,,,2
1839,20170124,Australian_Open,Roger_Federer,Mischa_Zverev,163,2,0,4,2,40-40,0,26,1,0,,2,1,MZ,5+ f27 h3 b1*,,,5+f27h3b1*,,1,,5f27h3b1*,,1,,1,0,5,,f27h3b1*,False,False,True,False,False,False,f27h3b1,f27h3b1,fhb,3,1,0,40-AD,0,4,2,0,2,0,,,4
1849,20170124,Australian_Open,Roger_Federer,Mischa_Zverev,173,2,0,5,2,30-30,0,27,1,0,,1,2,RF,4 s29 f3 f;1 f+2 f2 z2n#,,Could be argued as an unforced error,4s29f3f;1f+2f2z2n#,,0,,4s29f3f;1f+2f2z2n#,,1,,1,0,4,,s29f3f;1f+2f2z2n#,False,False,False,True,False,False,s29f3f1f2f2z2n,s29f3f1f2f2z2,sffffz,6,2,0,30-40,0,5,2,0,2,0,,,6
1859,20170122,Australian_Open,Roger_Federer,Kei_Nishikori,7,0,0,0,0,40-40,0,1,1,0,,1,2,RF,4 f17 f+3 b3*,,,4f17f+3b3*,,0,,4f17f+3b3*,,1,,1,0,4,,f17f+3b3*,False,False,True,False,False,False,f17f3b3,f17f3b3,ffb,3,2,0,40-AD,0,0,0,0,0,0,,,4
1861,20170122,Australian_Open,Roger_Federer,Kei_Nishikori,9,0,0,0,0,40-40,0,1,1,0,,1,2,RF,4 f29 f#,,,4f29f#,,0,,4f29f#,,1,,1,0,4,,f29f#,False,False,False,True,False,False,f29f,f29f,ff,2,2,0,40-AD,0,0,0,0,0,0,,,2
1865,20170122,Australian_Open,Roger_Federer,Kei_Nishikori,13,0,0,0,1,0-0,0,2,1,0,,2,1,KN,cc5 b28 b3 b3 b3 b1*,,,5b28b3b3b3b1*,,0,,5b28b3b3b3b1*,,1,,1,0,5,,b28b3b3b3b1*,False,False,True,False,False,False,b28b3b3b3b1,b28b3b3b3b1,bbbbb,5,1,0,0-15,0,0,1,0,0,0,,,6
1870,20170122,Australian_Open,Roger_Federer,Kei_Nishikori,18,0,0,0,2,0-0,0,3,1,0,,1,2,RF,4 f18 f3 s3 b3n@,,,4f18f3s3b3n@,,0,,4f18f3s3b3n@,,1,,1,0,4,,f18f3s3b3n@,False,False,False,False,True,False,f18f3s3b3n,f18f3s3b3,ffsb,4,2,0,0-15,0,0,2,0,0,0,,,4
1872,20170122,Australian_Open,Roger_Federer,Kei_Nishikori,20,0,0,0,2,15-15,0,3,1,0,,1,2,RF,4 f17*,,,4f17*,,0,,4f17*,,1,,1,0,4,,f17*,False,False,True,False,False,False,f17,f17,f,1,2,0,15-30,0,0,2,0,0,0,,,2
1888,20170122,Australian_Open,Roger_Federer,Kei_Nishikori,36,0,0,0,4,0-0,0,5,1,0,,1,2,RF,6 s;37*,,,6s;37*,,0,,6s;37*,,1,,1,0,6,,s;37*,False,False,True,False,False,False,s37,s37,s,1,2,0,0-15,0,0,4,0,0,0,,,2
1890,20170122,Australian_Open,Roger_Federer,Kei_Nishikori,38,0,0,0,4,15-15,0,5,1,0,,1,2,RF,4 f28 b2d@,,,4f28b2d@,,0,,4f28b2d@,,1,,1,0,4,,f28b2d@,False,False,False,False,True,False,f28b2d,f28b2,fb,2,2,0,15-30,0,0,4,0,0,0,,,2
1910,20170122,Australian_Open,Roger_Federer,Kei_Nishikori,58,0,0,2,5,30-30,0,8,1,0,,2,1,KN,4 f39*,,,4f39*,,0,,4f39*,,1,,1,0,4,,f39*,False,False,True,False,False,False,f39,f39,f,1,1,0,30-40,0,2,5,0,0,0,,,2
1922,20170122,Australian_Open,Roger_Federer,Kei_Nishikori,70,0,0,4,5,40-40,0,10,1,0,,2,1,KN,4 f29 b2 f+3 b1x#,,,4f29b2f+3b1x#,,0,,4f29b2f+3b1x#,,1,,1,0,4,,f29b2f+3b1x#,False,False,False,True,False,False,f29b2f3b1x,f29b2f3b1,fbfb,4,1,0,40-AD,0,4,5,0,0,0,,,4
1947,20170122,Australian_Open,Roger_Federer,Kei_Nishikori,106,0,1,1,1,15-15,0,16,1,0,,2,1,KN,6 b27 b3 b2 f1 f1 f1 f2 f2 b1 f3n#,,,6b27b3b2f1f1f1f2f2b1f3n#,,0,,6b27b3b2f1f1f1f2f2b1f3n#,,1,,1,0,6,,b27b3b2f1f1f1f2f2b1f3n#,False,False,False,True,False,False,b27b3b2f1f1f1f2f2b1f3n,b27b3b2f1f1f1f2f2b1f3,bbbfffffbf,10,1,0,15-30,0,1,1,0,0,1,,,10
1958,20170122,Australian_Open,Roger_Federer,Kei_Nishikori,117,0,1,2,2,30-0,0,18,1,0,,2,1,KN,6 s39 b3 s3 s3 f3 b1d@,,,6s39b3s3s3f3b1d@,,0,,6s39b3s3s3f3b1d@,,1,,1,0,6,,s39b3s3s3f3b1d@,False,False,False,False,True,False,s39b3s3s3f3b1d,s39b3s3s3f3b1,sbssfb,6,1,0,30-15,0,2,2,0,0,1,,,6
1993,20170122,Australian_Open,Roger_Federer,Kei_Nishikori,152,1,1,0,0,30-0,0,24,1,0,,2,1,KN,6+ b38 z#,,,6+b38z#,,1,,6b38z#,,1,,1,0,6,,b38z#,False,False,False,True,False,False,b38z,b38z,bz,2,1,0,30-15,0,0,0,0,1,1,,,2
2004,20170122,Australian_Open,Roger_Federer,Kei_Nishikori,163,1,1,1,1,0-30,0,26,1,0,,2,1,KN,6 b27 b3 s3 b3 b+3 s2 v1 f3w#,,,6b27b3s3b3b+3s2v1f3w#,,0,,6b27b3s3b3b+3s2v1f3w#,,1,,1,0,6,,b27b3s3b3b+3s2v1f3w#,False,False,False,True,False,False,b27b3s3b3b3s2v1f3w,b27b3s3b3b3s2v1f3,bbsbbsvf,8,1,0,0-40,0,1,1,0,1,1,,,8
2012,20170122,Australian_Open,Roger_Federer,Kei_Nishikori,171,1,1,2,1,30-30,0,27,1,0,,1,2,RF,6 b28 f1 f3 b3 b3 f1n@,,,6b28f1f3b3b3f1n@,,0,,6b28f1f3b3b3f1n@,,1,,1,0,6,,b28f1f3b3b3f1n@,False,False,False,False,True,False,b28f1f3b3b3f1n,b28f1f3b3b3f1,bffbbf,6,2,0,30-40,0,2,1,0,1,1,,,6
2038,20170122,Australian_Open,Roger_Federer,Kei_Nishikori,197,2,1,1,0,0-0,0,32,1,0,,2,1,KN,6 b29 f3 b3 b3 s3 f1 f1 f3n#,,,6b29f3b3b3s3f1f1f3n#,,0,,6b29f3b3b3s3f1f1f3n#,,1,,1,0,6,,b29f3b3b3s3f1f1f3n#,False,False,False,True,False,False,b29f3b3b3s3f1f1f3n,b29f3b3b3s3f1f1f3,bfbbsfff,8,1,0,0-15,0,1,0,0,2,1,,,8
2064,20170122,Australian_Open,Roger_Federer,Kei_Nishikori,223,2,1,2,1,40-40,0,34,1,0,,2,1,KN,6 b37 b-1 f2 v3w@,,,6b37b-1f2v3w@,,0,,6b37b-1f2v3w@,,1,,1,0,6,,b37b-1f2v3w@,False,False,False,False,True,False,b37b1f2v3w,b37b1f2v3,bbfv,4,1,0,40-AD,0,2,1,0,2,1,,,4
2066,20170122,Australian_Open,Roger_Federer,Kei_Nishikori,225,2,1,2,1,40-40,0,34,1,0,,2,1,KN,4 f29 f2 b2 b2 f1 f1 f3*,,,4f29f2b2b2f1f1f3*,,0,,4f29f2b2b2f1f1f3*,,1,,1,0,4,,f29f2b2b2f1f1f3*,False,False,True,False,False,False,f29f2b2b2f1f1f3,f29f2b2b2f1f1f3,ffbbfff,7,1,0,40-AD,0,2,1,0,2,1,,,8
2072,20170122,Australian_Open,Roger_Federer,Kei_Nishikori,231,2,1,2,2,15-15,0,35,1,0,,1,2,RF,4 f29 f+3 m3 o3w@,,,4f29f+3m3o3w@,,0,,4f29f+3m3o3w@,,1,,1,0,4,,f29f+3m3o3w@,False,False,False,False,True,False,f29f3m3o3w,f29f3m3o3,ffmo,4,2,0,15-30,0,2,2,0,2,1,,,4
2100,20170122,Australian_Open,Roger_Federer,Kei_Nishikori,259,2,2,0,0,15-15,0,41,0,0,,1,2,RF,4 f19 v=2 b3 b3u+3 b-1 v1 v;3w#,,,4f19v=2b3b3u+3b-1v1v;3w#,,0,,4f19v=2b3b3u+3b-1v1v;3w#,,1,,1,0,4,,f19v=2b3b3u+3b-1v1v;3w#,False,False,False,True,False,False,f19v2b3b3u3b1v1v3w,f19v2b3b3u3b1v1v3,fvbbubvv,8,2,0,15-30,0,0,0,0,2,2,,,8
2108,20170122,Australian_Open,Roger_Federer,Kei_Nishikori,267,2,2,1,0,15-15,0,42,0,0,,2,1,KN,6 b28 f1 f3 b3 b2 b1 r3 b3w@,,,6b28f1f3b3b2b1r3b3w@,,0,,6b28f1f3b3b2b1r3b3w@,,1,,1,0,6,,b28f1f3b3b2b1r3b3w@,False,False,False,False,True,False,b28f1f3b3b2b1r3b3w,b28f1f3b3b2b1r3b3,bffbbbrb,8,1,0,15-30,0,1,0,0,2,2,,,8
2117,20170122,Australian_Open,Roger_Federer,Kei_Nishikori,276,2,2,3,0,0-0,0,44,0,0,,2,1,KN,5 b29 f3 b2 f2 f1 f3 s3 s+1d@,,Medical timeout Nishikori,5b29f3b2f2f1f3s3s+1d@,,0,,5b29f3b2f2f1f3s3s+1d@,,1,,1,0,5,,b29f3b2f2f1f3s3s+1d@,False,False,False,False,True,False,b29f3b2f2f1f3s3s1d,b29f3b2f2f1f3s3s1,bfbfffss,8,1,0,0-15,0,3,0,0,2,2,,,8
2123,20170122,Australian_Open,Roger_Federer,Kei_Nishikori,282,2,2,3,0,40-40,0,44,0,0,,2,1,KN,4 f17*,,,4f17*,,0,,4f17*,,1,,1,0,4,,f17*,False,False,True,False,False,False,f17,f17,f,1,1,0,40-AD,0,3,0,0,2,2,,,2
2129,20170122,Australian_Open,Roger_Federer,Kei_Nishikori,288,2,2,3,1,30-0,0,45,0,0,,1,2,RF,6 b37 b3 b3 b3 s3 f+3 b1 f-1n@,,,6b37b3b3b3s3f+3b1f-1n@,,0,,6b37b3b3b3s3f+3b1f-1n@,,1,,1,0,6,,b37b3b3b3s3f+3b1f-1n@,False,False,False,False,True,False,b37b3b3b3s3f3b1f1n,b37b3b3b3s3f3b1f1,bbbbsfbf,8,2,0,30-15,0,3,1,0,2,2,,,8
2170,20160611,Stuttgart,Roger_Federer,Dominic_Thiem,17,0,0,2,1,0-0,0,4,1,0,,2,1,DT,6 s3 b2n@,,,6s3b2n@,,0,,6s3b2n@,,1,,1,0,6,,s3b2n@,False,False,False,False,True,False,s3b2n,s3b2,sb,2,1,0,0-15,0,2,1,0,0,0,,,2
2172,20160611,Stuttgart,Roger_Federer,Dominic_Thiem,19,0,0,2,1,15-15,0,4,1,0,,2,1,DT,6 s2 f1x@,,,6s2f1x@,,0,,6s2f1x@,,1,,1,0,6,,s2f1x@,False,False,False,False,True,False,s2f1x,s2f1,sf,2,1,0,15-30,0,2,1,0,0,0,,,2
2178,20160611,Stuttgart,Roger_Federer,Dominic_Thiem,25,0,0,3,1,0-0,0,5,1,0,,1,2,RF,6 b2 z3 b3*,,,6b2z3b3*,,0,,6b2z3b3*,,1,,1,0,6,,b2z3b3*,False,False,True,False,False,False,b2z3b3,b2z3b3,bzb,3,2,0,0-15,0,3,1,0,0,0,,,4
2184,20160611,Stuttgart,Roger_Federer,Dominic_Thiem,31,0,0,4,1,0-0,0,6,1,0,,2,1,DT,6 s2 f3 b2 b2 f3 b2n#,,,6s2f3b2b2f3b2n#,,0,,6s2f3b2b2f3b2n#,,1,,1,0,6,,s2f3b2b2f3b2n#,False,False,False,True,False,False,s2f3b2b2f3b2n,s2f3b2b2f3b2,sfbbfb,6,1,0,0-15,0,4,1,0,0,0,,,6
2196,20160611,Stuttgart,Roger_Federer,Dominic_Thiem,43,0,0,4,2,30-30,0,7,1,0,,1,2,RF,5 b2 z3 b1*,,,5b2z3b1*,,0,,5b2z3b1*,,1,,1,0,5,,b2z3b1*,False,False,True,False,False,False,b2z3b1,b2z3b1,bzb,3,2,0,30-40,0,4,2,0,0,0,,,4
2220,20160611,Stuttgart,Roger_Federer,Dominic_Thiem,67,1,0,0,1,30-30,0,11,1,0,,1,2,RF,4 f2 b2 s2 f1 l2 o3d@,,,4f2b2s2f1l2o3d@,,0,,4f2b2s2f1l2o3d@,,1,,1,0,4,,f2b2s2f1l2o3d@,False,False,False,False,True,False,f2b2s2f1l2o3d,f2b2s2f1l2o3,fbsflo,6,2,0,30-40,0,0,1,0,1,0,,,6
2222,20160611,Stuttgart,Roger_Federer,Dominic_Thiem,69,1,0,0,2,0-0,0,12,1,0,,2,1,DT,4 f1 f2 s2 b2 f1 f1 f1 r2n#,,,4f1f2s2b2f1f1f1r2n#,,0,,4f1f2s2b2f1f1f1r2n#,,1,,1,0,4,,f1f2s2b2f1f1f1r2n#,False,False,False,True,False,False,f1f2s2b2f1f1f1r2n,f1f2s2b2f1f1f1r2,ffsbfffr,8,1,0,0-15,0,0,2,0,1,0,,,8
2232,20160611,Stuttgart,Roger_Federer,Dominic_Thiem,79,1,0,0,3,30-30,0,13,1,0,,1,2,RF,6 s2 j1d@,,,6s2j1d@,,0,,6s2j1d@,,1,,1,0,6,,s2j1d@,False,False,False,False,True,False,s2j1d,s2j1,sj,2,2,0,30-40,0,0,3,0,1,0,,,2
2248,20160611,Stuttgart,Roger_Federer,Dominic_Thiem,95,1,0,1,5,30-30,0,16,1,0,,2,1,DT,6 b2 v1n@,,,6b2v1n@,,0,,6b2v1n@,,1,,1,0,6,,b2v1n@,False,False,False,False,True,False,b2v1n,b2v1,bv,2,1,0,30-40,0,1,5,0,1,0,,,2
2250,20160611,Stuttgart,Roger_Federer,Dominic_Thiem,97,1,0,2,5,0-0,0,17,1,0,,1,2,RF,5 b1 f2 s3 b1n#,,,5b1f2s3b1n#,,0,,5b1f2s3b1n#,,1,,1,0,5,,b1f2s3b1n#,False,False,False,True,False,False,b1f2s3b1n,b1f2s3b1,bfsb,4,2,0,0-15,0,2,5,0,1,0,,,4
2268,20160611,Stuttgart,Roger_Federer,Dominic_Thiem,115,1,0,5,5,0-0,0,20,1,0,,2,1,DT,6 b2 b1 r2 f2 b1*,,,6b2b1r2f2b1*,,0,,6b2b1r2f2b1*,,1,,1,0,6,,b2b1r2f2b1*,False,False,True,False,False,False,b2b1r2f2b1,b2b1r2f2b1,bbrfb,5,1,0,0-15,0,5,5,0,1,0,,,6
2280,20160611,Stuttgart,Roger_Federer,Dominic_Thiem,143,1,1,0,0,30-0,0,23,0,0,,1,2,RF,6 s2 v3 b2 z2n#,,,6s2v3b2z2n#,,0,,6s2v3b2z2n#,,1,,1,0,6,,s2v3b2z2n#,False,False,False,True,False,False,s2v3b2z2n,s2v3b2z2,svbz,4,2,0,30-15,0,0,0,0,1,1,,,4
2331,20160611,Stuttgart,Roger_Federer,Dominic_Thiem,194,1,1,3,3,30-30,0,29,0,0,,1,2,RF,4 f1 f2 b3 b1w#,,,4f1f2b3b1w#,,0,,4f1f2b3b1w#,,1,,1,0,4,,f1f2b3b1w#,False,False,False,True,False,False,f1f2b3b1w,f1f2b3b1,ffbb,4,2,0,30-40,0,3,3,0,1,1,,,4
2354,20160126,Australian_Open,Roger_Federer,Tomas_Berdych,6,0,0,1,0,0-0,0,2,1,0,,2,1,TB,4 f28 b+3 b3 i#,,,4f28b+3b3i#,,0,,4f28b+3b3i#,,1,,1,0,4,,f28b+3b3i#,False,False,False,True,False,False,f28b3b3i,f28b3b3i,fbbi,4,1,0,0-15,0,1,0,0,0,0,,,4
2361,20160126,Australian_Open,Roger_Federer,Tomas_Berdych,13,0,0,1,1,15-15,0,3,1,0,,1,2,RF,4 f28 f3w@,,,4f28f3w@,,0,,4f28f3w@,,1,,1,0,4,,f28f3w@,False,False,False,False,True,False,f28f3w,f28f3,ff,2,2,0,15-30,0,1,1,0,0,0,,,2
2365,20160126,Australian_Open,Roger_Federer,Tomas_Berdych,17,0,0,1,2,0-0,0,4,1,0,,2,1,TB,4 f28 f1 f1 f3 b3 b3 b3 b3w@,,,4f28f1f1f3b3b3b3b3w@,,0,,4f28f1f1f3b3b3b3b3w@,,1,,1,0,4,,f28f1f1f3b3b3b3b3w@,False,False,False,False,True,False,f28f1f1f3b3b3b3b3w,f28f1f1f3b3b3b3b3,ffffbbbb,8,1,0,0-15,0,1,2,0,0,0,,,8
2371,20160126,Australian_Open,Roger_Federer,Tomas_Berdych,23,0,0,2,2,0-0,0,5,1,0,,1,2,RF,6 s29 f1 f1 f3d#,,,6s29f1f1f3d#,,0,,6s29f1f1f3d#,,1,,1,0,6,,s29f1f1f3d#,False,False,False,True,False,False,s29f1f1f3d,s29f1f1f3,sfff,4,2,0,0-15,0,2,2,0,0,0,,,4
2411,20160126,Australian_Open,Roger_Federer,Tomas_Berdych,63,0,0,5,4,30-30,0,10,1,0,,2,1,TB,5 s27 r+3 b3 z2 f1 v3w#,,,5s27r+3b3z2f1v3w#,,0,,5s27r+3b3z2f1v3w#,,1,,1,0,5,,s27r+3b3z2f1v3w#,False,False,False,True,False,False,s27r3b3z2f1v3w,s27r3b3z2f1v3,srbzfv,6,1,0,30-40,0,5,4,0,0,0,,,6
2445,20160126,Australian_Open,Roger_Federer,Tomas_Berdych,108,1,0,2,1,0-0,0,17,1,0,,1,2,RF,5 b28 f2 f3 s#,,,5b28f2f3s#,,0,,5b28f2f3s#,,1,,1,0,5,,b28f2f3s#,False,False,False,True,False,False,b28f2f3s,b28f2f3s,bffs,4,2,0,0-15,0,2,1,0,1,0,,,4
2461,20160126,Australian_Open,Roger_Federer,Tomas_Berdych,124,1,0,4,2,0-0,0,20,1,0,,2,1,TB,4 f28 b2 f2 f2 f3 b3 b3 b3 b3 b2 f3 s3u3 s2 f3*,,,4f28b2f2f2f3b3b3b3b3b2f3s3u3s2f3*,,0,,4f28b2f2f2f3b3b3b3b3b2f3s3u3s2f3*,,1,,1,0,4,,f28b2f2f2f3b3b3b3b3b2f3s3u3s2f3*,False,False,True,False,False,False,f28b2f2f2f3b3b3b3b3b2f3s3u3s2f3,f28b2f2f2f3b3b3b3b3b2f3s3u3s2f3,fbfffbbbbbfsusf,15,1,0,0-15,0,4,2,0,1,0,,,16
2465,20160126,Australian_Open,Roger_Federer,Tomas_Berdych,128,1,0,4,2,30-30,0,20,1,0,,2,1,TB,6 s28 b3 b1 f1d@,,,6s28b3b1f1d@,,0,,6s28b3b1f1d@,,1,,1,0,6,,s28b3b1f1d@,False,False,False,False,True,False,s28b3b1f1d,s28b3b1f1,sbbf,4,1,0,30-40,0,4,2,0,1,0,,,4
2469,20160126,Australian_Open,Roger_Federer,Tomas_Berdych,132,1,0,5,2,30-0,0,21,1,0,,1,2,RF,5+ f17 v3n@,,,5+f17v3n@,,1,,5f17v3n@,,1,,1,0,5,,f17v3n@,False,False,False,False,True,False,f17v3n,f17v3,fv,2,2,0,30-15,0,5,2,0,1,0,,,2
2480,20160126,Australian_Open,Roger_Federer,Tomas_Berdych,143,2,0,0,1,30-30,0,23,1,0,,1,2,RF,4 f38 f3 b1 f1w@,,Federer challenged incorrectly,4f38f3b1f1w@,,0,,4f38f3b1f1w@,,1,,1,0,4,,f38f3b1f1w@,False,False,False,False,True,False,f38f3b1f1w,f38f3b1f1,ffbf,4,2,0,30-40,0,0,1,0,2,0,,,4
2482,20160126,Australian_Open,Roger_Federer,Tomas_Berdych,145,2,0,0,1,40-40,0,23,1,0,,1,2,RF,c4 f29 b3w#,,,4f29b3w#,,0,,4f29b3w#,,1,,1,0,4,,f29b3w#,False,False,False,True,False,False,f29b3w,f29b3,fb,2,2,0,40-AD,0,0,1,0,2,0,,,2
2496,20160126,Australian_Open,Roger_Federer,Tomas_Berdych,159,2,0,2,2,15-15,0,26,1,0,,2,1,TB,5 s+27 s+3 z1 v2 z2 b3 z2*,,,5s+27s+3z1v2z2b3z2*,,0,,5s+27s+3z1v2z2b3z2*,,1,,1,0,5,,s+27s+3z1v2z2b3z2*,False,False,True,False,False,False,s27s3z1v2z2b3z2,s27s3z1v2z2b3z2,sszvzbz,7,1,0,15-30,0,2,2,0,2,0,,,8
2504,20160126,Australian_Open,Roger_Federer,Tomas_Berdych,167,2,0,2,3,15-15,0,27,1,0,,1,2,RF,6 s28 f+1 f2 v2n@,,,6s28f+1f2v2n@,,0,,6s28f+1f2v2n@,,1,,1,0,6,,s28f+1f2v2n@,False,False,False,False,True,False,s28f1f2v2n,s28f1f2v2,sffv,4,2,0,15-30,0,2,3,0,2,0,,,4
2519,20160126,Australian_Open,Roger_Federer,Tomas_Berdych,182,2,0,4,4,0-0,0,30,1,0,,2,1,TB,5 s28 b3 b3 b3 b2 b2 f2 f1 f3*,,,5s28b3b3b3b2b2f2f1f3*,,0,,5s28b3b3b3b2b2f2f1f3*,,1,,1,0,5,,s28b3b3b3b2b2f2f1f3*,False,False,True,False,False,False,s28b3b3b3b2b2f2f1f3,s28b3b3b3b2b2f2f1f3,sbbbbbfff,9,1,0,0-15,0,4,4,0,2,0,,,10
2521,20160126,Australian_Open,Roger_Federer,Tomas_Berdych,184,2,0,4,4,0-30,0,30,1,0,,2,1,TB,4 f28 f3n#,,,4f28f3n#,,0,,4f28f3n#,,1,,1,0,4,,f28f3n#,False,False,False,True,False,False,f28f3n,f28f3,ff,2,1,0,0-40,0,4,4,0,2,0,,,2
2529,20160126,Australian_Open,Roger_Federer,Tomas_Berdych,192,2,0,4,4,40-40,0,30,1,0,,2,1,TB,4 f29 f3 s3 s3 s2 r2 f2 f3 s3 s3 f3 b3 b3*,,,4f29f3s3s3s2r2f2f3s3s3f3b3b3*,,0,,4f29f3s3s3s2r2f2f3s3s3f3b3b3*,,1,,1,0,4,,f29f3s3s3s2r2f2f3s3s3f3b3b3*,False,False,True,False,False,False,f29f3s3s3s2r2f2f3s3s3f3b3b3,f29f3s3s3s2r2f2f3s3s3f3b3b3,ffsssrffssfbb,13,1,0,40-AD,0,4,4,0,2,0,,,14
2568,20160120,Australian_Open,Roger_Federer_,Alexandr_Dolgopolov,33,0,0,3,2,0-30,0,6,1,0,,2,1,AD,5 f fd@,,,5ffd@,,0,,5ffd@,,1,,1,0,5,,ffd@,False,False,False,False,True,False,ffd,ff,ff,2,1,0,0-40,0,3,2,0,0,0,,,2
2578,20160120,Australian_Open,Roger_Federer_,Alexandr_Dolgopolov,43,0,0,5,3,0-0,0,9,1,0,,1,2,RF,6 b f b f f fn@,,,6bfbfffn@,,0,,6bfbfffn@,,1,,1,0,6,,bfbfffn@,False,False,False,False,True,False,bfbfffn,bfbfff,bfbfff,6,2,0,0-15,0,5,3,0,0,0,,,6
2613,20160120,Australian_Open,Roger_Federer_,Alexandr_Dolgopolov,78,1,0,2,2,40-40,0,14,1,0,,2,1,AD,5 s f f*,,,5sff*,,0,,5sff*,,1,,1,0,5,,sff*,False,False,True,False,False,False,sff,sff,sff,3,1,0,40-AD,0,2,2,0,1,0,,,4
2653,20160120,Australian_Open,Roger_Federer_,Alexandr_Dolgopolov,118,1,0,5,5,40-40,0,20,1,0,,2,1,AD,4 f fd@,,,4ffd@,,0,,4ffd@,,1,,1,0,4,,ffd@,False,False,False,False,True,False,ffd,ff,ff,2,1,0,40-AD,0,5,5,0,1,0,,,2
2657,20160120,Australian_Open,Roger_Federer_,Alexandr_Dolgopolov,122,1,0,5,5,40-40,0,20,1,0,,2,1,AD,4 r bn@,,,4rbn@,,0,,4rbn@,,1,,1,0,4,,rbn@,False,False,False,False,True,False,rbn,rb,rb,2,1,0,40-AD,0,5,5,0,1,0,,,2
2667,20160120,Australian_Open,Roger_Federer_,Alexandr_Dolgopolov,132,2,0,0,0,30-0,0,22,1,0,,2,1,AD,4 f*,,,4f*,,0,,4f*,,1,,1,0,4,,f*,False,False,True,False,False,False,f,f,f,1,1,0,30-15,0,0,0,0,2,0,,,2
2675,20160120,Australian_Open,Roger_Federer_,Alexandr_Dolgopolov,140,2,0,1,1,0-0,0,24,1,0,,2,1,AD,4 f*,,,4f*,,0,,4f*,,1,,1,0,4,,f*,False,False,True,False,False,False,f,f,f,1,1,0,0-15,0,1,1,0,2,0,,,2
2689,20160120,Australian_Open,Roger_Federer_,Alexandr_Dolgopolov,154,2,0,3,1,30-0,0,26,1,0,,2,1,AD,4 f f s fx@,,,4ffsfx@,,0,,4ffsfx@,,1,,1,0,4,,ffsfx@,False,False,False,False,True,False,ffsfx,ffsf,ffsf,4,1,0,30-15,0,3,1,0,2,0,,,4
2691,20160120,Australian_Open,Roger_Federer_,Alexandr_Dolgopolov,156,2,0,3,1,30-30,0,26,1,0,,2,1,AD,4 f b#,,,4fb#,,0,,4fb#,,1,,1,0,4,,fb#,False,False,False,True,False,False,fb,fb,fb,2,1,0,30-40,0,3,1,0,2,0,,,2
2695,20160120,Australian_Open,Roger_Federer_,Alexandr_Dolgopolov,160,2,0,4,1,15-15,0,27,1,0,,1,2,RF,4 b f b*,,,4bfb*,,0,,4bfb*,,1,,1,0,4,,bfb*,False,False,True,False,False,False,bfb,bfb,bfb,3,2,0,15-30,0,4,1,0,2,0,,,4
2701,20160120,Australian_Open,Roger_Federer_,Alexandr_Dolgopolov,166,2,0,5,1,0-30,0,28,1,0,,2,1,AD,5 b f b fd@,,,5bfbfd@,,0,,5bfbfd@,,1,,1,0,5,,bfbfd@,False,False,False,False,True,False,bfbfd,bfbf,bfbf,4,1,0,0-40,0,5,1,0,2,0,,,4
2724,20160110,Brisbane,Roger_Federer,Milos_Raonic,20,0,0,2,1,30-0,0,4,1,0,,2,1,MR,5+ b1 v3d@,,,5+b1v3d@,,1,,5b1v3d@,,1,,1,0,5,,b1v3d@,False,False,False,False,True,False,b1v3d,b1v3,bv,2,1,0,30-15,0,2,1,0,0,0,,,2
2732,20160110,Brisbane,Roger_Federer,Milos_Raonic,28,0,0,2,2,30-30,0,5,1,0,,1,2,RF,6 s27 f+3 b3 v1n@,,,6s27f+3b3v1n@,,0,,6s27f+3b3v1n@,,1,,1,0,6,,s27f+3b3v1n@,False,False,False,False,True,False,s27f3b3v1n,s27f3b3v1,sfbv,4,2,0,30-40,0,2,2,0,0,0,,,4
2759,20160110,Brisbane,Roger_Federer,Milos_Raonic,55,0,0,4,4,30-30,0,9,1,0,,1,2,RF,4 f29 f2 s1 f2 f1 f1 f+2 b3n#,,,4f29f2s1f2f1f1f+2b3n#,,0,,4f29f2s1f2f1f1f+2b3n#,,1,,1,0,4,,f29f2s1f2f1f1f+2b3n#,False,False,False,True,False,False,f29f2s1f2f1f1f2b3n,f29f2s1f2f1f1f2b3,ffsffffb,8,2,0,30-40,0,4,4,0,0,0,,,8
2765,20160110,Brisbane,Roger_Federer,Milos_Raonic,61,0,0,4,5,30-0,0,10,1,0,,2,1,MR,4 f29 s3 b1*,,,4f29s3b1*,,0,,4f29s3b1*,,1,,1,0,4,,f29s3b1*,False,False,True,False,False,False,f29s3b1,f29s3b1,fsb,3,1,0,30-15,0,4,5,0,0,0,,,4
2769,20160110,Brisbane,Roger_Federer,Milos_Raonic,65,0,1,0,0,0-0,0,11,1,0,,1,2,RF,5 f29 b3 b3 b1n#,,,5f29b3b3b1n#,,0,,5f29b3b3b1n#,,1,,1,0,5,,f29b3b3b1n#,False,False,False,True,False,False,f29b3b3b1n,f29b3b3b1,fbbb,4,2,0,0-15,0,0,0,0,0,1,,,4
2771,20160110,Brisbane,Roger_Federer,Milos_Raonic,67,0,1,0,0,15-15,0,11,1,0,,1,2,RF,4 f19 f2 f+3 b3 i3 z3n@,,,4f19f2f+3b3i3z3n@,,0,,4f19f2f+3b3i3z3n@,,1,,1,0,4,,f19f2f+3b3i3z3n@,False,False,False,False,True,False,f19f2f3b3i3z3n,f19f2f3b3i3z3,fffbiz,6,2,0,15-30,0,0,0,0,0,1,,,6
2809,20160110,Brisbane,Roger_Federer,Milos_Raonic,105,0,1,3,3,30-30,0,17,1,0,,1,2,RF,6 s39 f1 f1 f3w@,,,6s39f1f1f3w@,,0,,6s39f1f1f3w@,,1,,1,0,6,,s39f1f1f3w@,False,False,False,False,True,False,s39f1f1f3w,s39f1f1f3,sfff,4,2,0,30-40,0,3,3,0,0,1,,,4
2821,20160110,Brisbane,Roger_Federer,Milos_Raonic,117,0,1,4,5,15-15,0,20,1,0,,2,1,MR,6+ b2 h2n#,,,6+b2h2n#,,1,,6b2h2n#,,1,,1,0,6,,b2h2n#,False,False,False,True,False,False,b2h2n,b2h2,bh,2,1,0,15-30,0,4,5,0,0,1,,,2
2831,20160109,Brisbane,Roger_Federer,Dominic_Thiem,7,0,0,1,0,0-0,0,2,1,0,,2,1,DT,6 b29 f1 f1 f3n#,,,6b29f1f1f3n#,,0,,6b29f1f1f3n#,,1,,1,0,6,,b29f1f1f3n#,False,False,False,True,False,False,b29f1f1f3n,b29f1f1f3,bfff,4,1,0,0-15,0,1,0,0,0,0,,,4
2833,20160109,Brisbane,Roger_Federer,Dominic_Thiem,9,0,0,1,0,15-15,0,2,1,0,,2,1,DT,6 s37 s3 z3 b1d@,,,6s37s3z3b1d@,,0,,6s37s3z3b1d@,,1,,1,0,6,,s37s3z3b1d@,False,False,False,False,True,False,s37s3z3b1d,s37s3z3b1,sszb,4,1,0,15-30,0,1,0,0,0,0,,,4
2842,20160109,Brisbane,Roger_Federer,Dominic_Thiem,18,0,0,3,0,0-0,0,4,1,0,,2,1,DT,6 b29 b2n#,,Thiem incorrect challenge,6b29b2n#,,0,,6b29b2n#,,1,,1,0,6,,b29b2n#,False,False,False,True,False,False,b29b2n,b29b2,bb,2,1,0,0-15,0,3,0,0,0,0,,,2
2850,20160109,Brisbane,Roger_Federer,Dominic_Thiem,26,0,0,4,0,0-0,0,5,1,0,,1,2,RF,6 b29 f2n@,,,6b29f2n@,,0,,6b29f2n@,,1,,1,0,6,,b29f2n@,False,False,False,False,True,False,b29f2n,b29f2,bf,2,2,0,0-15,0,4,0,0,0,0,,,2
2852,20160109,Brisbane,Roger_Federer,Dominic_Thiem,28,0,0,4,0,15-15,0,5,1,0,,1,2,RF,4+ f2 z3 b3*,,,4+f2z3b3*,,1,,4f2z3b3*,,1,,1,0,4,,f2z3b3*,False,False,True,False,False,False,f2z3b3,f2z3b3,fzb,3,2,0,15-30,0,4,0,0,0,0,,,4
2877,20160109,Brisbane,Roger_Federer,Dominic_Thiem,53,1,0,1,0,40-40,0,9,1,0,,1,2,RF,4 f29 f+3 s3 z3 m3 p2 f3*,,,4f29f+3s3z3m3p2f3*,,0,,4f29f+3s3z3m3p2f3*,,1,,1,0,4,,f29f+3s3z3m3p2f3*,False,False,True,False,False,False,f29f3s3z3m3p2f3,f29f3s3z3m3p2f3,ffszmpf,7,2,0,40-AD,0,1,0,0,1,0,,,8
2879,20160109,Brisbane,Roger_Federer,Dominic_Thiem,55,1,0,1,1,0-0,0,10,1,0,,2,1,DT,4 f29 f3 b3 b3 b2 f3 b1 r1 f+3 b1 v2*,,,4f29f3b3b3b2f3b1r1f+3b1v2*,,0,,4f29f3b3b3b2f3b1r1f+3b1v2*,,1,,1,0,4,,f29f3b3b3b2f3b1r1f+3b1v2*,False,False,True,False,False,False,f29f3b3b3b2f3b1r1f3b1v2,f29f3b3b3b2f3b1r1f3b1v2,ffbbbfbrfbv,11,1,0,0-15,0,1,1,0,1,0,,,12
2889,20160109,Brisbane,Roger_Federer,Dominic_Thiem,65,1,0,2,2,0-0,0,12,1,0,,2,1,DT,6 b29 f3d@,,,6b29f3d@,,0,,6b29f3d@,,1,,1,0,6,,b29f3d@,False,False,False,False,True,False,b29f3d,b29f3,bf,2,1,0,0-15,0,2,2,0,1,0,,,2
2899,20160109,Brisbane,Roger_Federer,Dominic_Thiem,75,1,0,3,3,0-0,0,14,1,0,,2,1,DT,4 f39 b2n#,,,4f39b2n#,,0,,4f39b2n#,,1,,1,0,4,,f39b2n#,False,False,False,True,False,False,f39b2n,f39b2,fb,2,1,0,0-15,0,3,3,0,1,0,,,2
2910,20160109,Brisbane,Roger_Federer,Dominic_Thiem,86,1,0,5,3,30-0,0,16,1,0,,2,1,DT,6 b29 f3 s3y1 f-3 m2 o2*,,,6b29f3s3y1f-3m2o2*,,0,,6b29f3s3y1f-3m2o2*,,1,,1,0,6,,b29f3s3y1f-3m2o2*,False,False,True,False,False,False,b29f3s3y1f3m2o2,b29f3s3y1f3m2o2,bfsyfmo,7,1,0,30-15,0,5,3,0,1,0,,,8
2954,20160108,Brisbane,Roger_Federer,Grigor_Dimitrov,26,0,0,3,2,15-15,0,6,1,0,,2,1,GD,4 f2 f1 f1*,,,4f2f1f1*,,0,,4f2f1f1*,,1,,1,0,4,,f2f1f1*,False,False,True,False,False,False,f2f1f1,f2f1f1,fff,3,1,0,15-30,0,3,2,0,0,0,,,4
3002,20160108,Brisbane,Roger_Federer,Grigor_Dimitrov,74,1,0,2,1,0-0,0,14,1,0,,2,1,GD,4 f2 b1n@,,,4f2b1n@,,0,,4f2b1n@,,1,,1,0,4,,f2b1n@,False,False,False,False,True,False,f2b1n,f2b1,fb,2,1,0,0-15,0,2,1,0,1,0,,,2
3007,20160108,Brisbane,Roger_Federer,Grigor_Dimitrov,79,1,0,2,2,0-0,0,15,1,0,,1,2,RF,6 s2 f1 f1 v2 b2 z2 f2 vx#,,,6s2f1f1v2b2z2f2vx#,,0,,6s2f1f1v2b2z2f2vx#,,1,,1,0,6,,s2f1f1v2b2z2f2vx#,False,False,False,True,False,False,s2f1f1v2b2z2f2vx,s2f1f1v2b2z2f2v,sffvbzfv,8,2,0,0-15,0,2,2,0,1,0,,,8
3019,20160108,Brisbane,Roger_Federer,Grigor_Dimitrov,91,1,0,3,2,40-40,0,16,1,0,,2,1,GD,4 f3 b2n#,,,4f3b2n#,,0,,4f3b2n#,,1,,1,0,4,,f3b2n#,False,False,False,True,False,False,f3b2n,f3b2,fb,2,1,0,40-AD,0,3,2,0,1,0,,,2
3021,20160108,Brisbane,Roger_Federer,Grigor_Dimitrov,93,1,0,3,2,40-40,0,16,1,0,,2,1,GD,5 b2 f1 f1 f2 b3 b3 b2 f3 b2 z2d@,,,5b2f1f1f2b3b3b2f3b2z2d@,,0,,5b2f1f1f2b3b3b2f3b2z2d@,,1,,1,0,5,,b2f1f1f2b3b3b2f3b2z2d@,False,False,False,False,True,False,b2f1f1f2b3b3b2f3b2z2d,b2f1f1f2b3b3b2f3b2z2,bfffbbbfbz,10,1,0,40-AD,0,3,2,0,1,0,,,10
3025,20160108,Brisbane,Roger_Federer,Grigor_Dimitrov,97,1,0,3,3,0-0,0,17,1,0,,1,2,RF,3 r2 f1n@,,,3r2f1n@,,0,,3r2f1n@,,1,,1,0,3,,r2f1n@,False,False,False,False,True,False,r2f1n,r2f1,rf,2,2,0,0-15,0,3,3,0,1,0,,,2
3056,20160108,Brisbane,Roger_Federer,Grigor_Dimitrov,139,1,1,0,0,30-0,0,24,1,0,,2,1,GD,4 f1 f2 b2 b1n@,,,4f1f2b2b1n@,,0,,4f1f2b2b1n@,,1,,1,0,4,,f1f2b2b1n@,False,False,False,False,True,False,f1f2b2b1n,f1f2b2b1,ffbb,4,1,0,30-15,0,0,0,0,1,1,,,4
3093,20160108,Brisbane,Roger_Federer,Grigor_Dimitrov,176,1,1,5,3,0-0,0,32,1,0,,2,1,GD,5 f2 f2 b2 f1x@,,,5f2f2b2f1x@,,0,,5f2f2b2f1x@,,1,,1,0,5,,f2f2b2f1x@,False,False,False,False,True,False,f2f2b2f1x,f2f2b2f1,ffbf,4,1,0,0-15,0,5,3,0,1,1,,,4
3095,20160108,Brisbane,Roger_Federer,Grigor_Dimitrov,178,1,1,5,3,0-30,0,32,1,0,,2,1,GD,4 r f3 b2 f1 f1 z3n#,,,4rf3b2f1f1z3n#,,0,,4rf3b2f1f1z3n#,,1,,1,0,4,,rf3b2f1f1z3n#,False,False,False,True,False,False,rf3b2f1f1z3n,rf3b2f1f1z3,rfbffz,6,1,0,0-40,0,5,3,0,1,1,,,6
3109,20151122,Tour_Finals,Roger_Federer,Novak_Djokovic,5,0,0,0,0,30-30,0,1,1,0,,1,2,RF,6 b29 f2 f2 b1 f2 f2 b2 b3 b1 f3 b2 s2n@,,,6b29f2f2b1f2f2b2b3b1f3b2s2n@,,0,,6b29f2f2b1f2f2b2b3b1f3b2s2n@,,1,,1,0,6,,b29f2f2b1f2f2b2b3b1f3b2s2n@,False,False,False,False,True,False,b29f2f2b1f2f2b2b3b1f3b2s2n,b29f2f2b1f2f2b2b3b1f3b2s2,bffbffbbbfbs,12,2,0,30-40,0,0,0,0,0,0,,,12
3115,20151122,Tour_Finals,Roger_Federer,Novak_Djokovic,11,0,0,1,0,30-0,0,2,1,0,,2,1,ND,4 f39 b2 f1 f#,,,4f39b2f1f#,,0,,4f39b2f1f#,,1,,1,0,4,,f39b2f1f#,False,False,False,True,False,False,f39b2f1f,f39b2f1f,fbff,4,1,0,30-15,0,1,0,0,0,0,,,4
3117,20151122,Tour_Finals,Roger_Federer,Novak_Djokovic,13,0,0,1,0,30-30,0,2,1,0,,2,1,ND,4 f29 f#,,,4f29f#,,0,,4f29f#,,1,,1,0,4,,f29f#,False,False,False,True,False,False,f29f,f29f,ff,2,1,0,30-40,0,1,0,0,0,0,,,2
3123,20151122,Tour_Finals,Roger_Federer,Novak_Djokovic,19,0,0,1,1,15-15,0,3,1,0,,1,2,RF,6 s17 h3 b3 z#,,,6s17h3b3z#,,0,,6s17h3b3z#,,1,,1,0,6,,s17h3b3z#,False,False,False,True,False,False,s17h3b3z,s17h3b3z,shbz,4,2,0,15-30,0,1,1,0,0,0,,,4
3129,20151122,Tour_Finals,Roger_Federer,Novak_Djokovic,25,0,0,1,2,30-0,0,4,1,0,,2,1,ND,6 b39 b3 f1 f2n@,,,6b39b3f1f2n@,,0,,6b39b3f1f2n@,,1,,1,0,6,,b39b3f1f2n@,False,False,False,False,True,False,b39b3f1f2n,b39b3f1f2,bbff,4,1,0,30-15,0,1,2,0,0,0,,,4
3143,20151122,Tour_Finals,Roger_Federer,Novak_Djokovic,39,0,0,2,3,40-40,0,6,1,0,,2,1,ND,6 s39 b3 b2 b1 f1 f2 b+3 b3 z1 f1w#,,,6s39b3b2b1f1f2b+3b3z1f1w#,,0,,6s39b3b2b1f1f2b+3b3z1f1w#,,1,,1,0,6,,s39b3b2b1f1f2b+3b3z1f1w#,False,False,False,True,False,False,s39b3b2b1f1f2b3b3z1f1w,s39b3b2b1f1f2b3b3z1f1,sbbbffbbzf,10,1,0,40-AD,0,2,3,0,0,0,,,10
3149,20151122,Tour_Finals,Roger_Federer,Novak_Djokovic,45,0,0,2,4,30-0,0,7,1,0,,1,2,RF,6 b38 b3 b3 b1 f1u3n@,,,6b38b3b3b1f1u3n@,,0,,6b38b3b3b1f1u3n@,,1,,1,0,6,,b38b3b3b1f1u3n@,False,False,False,False,True,False,b38b3b3b1f1u3n,b38b3b3b1f1u3,bbbbfu,6,2,0,30-15,0,2,4,0,0,0,,,6
3155,20151122,Tour_Finals,Roger_Federer,Novak_Djokovic,51,0,0,3,4,30-0,0,8,1,0,,2,1,ND,5 f28 f1 f3 b3 s2 f1 f1 f1 f2 b3 s3 f1d@,,,5f28f1f3b3s2f1f1f1f2b3s3f1d@,,0,,5f28f1f3b3s2f1f1f1f2b3s3f1d@,,1,,1,0,5,,f28f1f3b3s2f1f1f1f2b3s3f1d@,False,False,False,False,True,False,f28f1f3b3s2f1f1f1f2b3s3f1d,f28f1f3b3s2f1f1f1f2b3s3f1,fffbsffffbsf,12,1,0,30-15,0,3,4,0,0,0,,,12
3161,20151122,Tour_Finals,Roger_Federer,Novak_Djokovic,57,0,0,3,5,15-15,0,9,1,0,,1,2,RF,4 f29 f1 f3 s3 b3 b1d@,,,4f29f1f3s3b3b1d@,,0,,4f29f1f3s3b3b1d@,,1,,1,0,4,,f29f1f3s3b3b1d@,False,False,False,False,True,False,f29f1f3s3b3b1d,f29f1f3s3b3b1,fffsbb,6,2,0,15-30,0,3,5,0,0,0,,,6
3165,20151122,Tour_Finals,Roger_Federer,Novak_Djokovic,61,0,1,0,0,0-0,0,10,1,0,,2,1,ND,4 f18 f3 b3 s1w@,,,4f18f3b3s1w@,,0,,4f18f3b3s1w@,,1,,1,0,4,,f18f3b3s1w@,False,False,False,False,True,False,f18f3b3s1w,f18f3b3s1,ffbs,4,1,0,0-15,0,0,0,0,0,1,,,4
3178,20151122,Tour_Finals,Roger_Federer,Novak_Djokovic,74,0,1,1,1,30-0,0,12,1,0,,2,1,ND,6 b18 f1 f2 b1 f3 b3 b1*,,,6b18f1f2b1f3b3b1*,,0,,6b18f1f2b1f3b3b1*,,1,,1,0,6,,b18f1f2b1f3b3b1*,False,False,True,False,False,False,b18f1f2b1f3b3b1,b18f1f2b1f3b3b1,bffbfbb,7,1,0,30-15,0,1,1,0,0,1,,,8
3184,20151122,Tour_Finals,Roger_Federer,Novak_Djokovic,80,0,1,1,2,30-0,0,13,1,0,,1,2,RF,4 f19*,,,4f19*,,0,,4f19*,,1,,1,0,4,,f19*,False,False,True,False,False,False,f19,f19,f,1,2,0,30-15,0,1,2,0,0,1,,,2
3189,20151122,Tour_Finals,Roger_Federer,Novak_Djokovic,85,0,1,2,2,30-0,0,14,1,0,,2,1,ND,4 f19 f3 b2 f1 f1 f3 b3 b2 v3 b3 z1 f1#,,,4f19f3b2f1f1f3b3b2v3b3z1f1#,,0,,4f19f3b2f1f1f3b3b2v3b3z1f1#,,1,,1,0,4,,f19f3b2f1f1f3b3b2v3b3z1f1#,False,False,False,True,False,False,f19f3b2f1f1f3b3b2v3b3z1f1,f19f3b2f1f1f3b3b2v3b3z1f1,ffbfffbbvbzf,12,1,0,30-15,0,2,2,0,0,1,,,12
3192,20151122,Tour_Finals,Roger_Federer,Novak_Djokovic,88,0,1,2,3,0-0,0,15,1,0,,1,2,RF,4 f29 f1w@,,,4f29f1w@,,0,,4f29f1w@,,1,,1,0,4,,f29f1w@,False,False,False,False,True,False,f29f1w,f29f1,ff,2,2,0,0-15,0,2,3,0,0,1,,,2
3214,20151122,Tour_Finals,Roger_Federer,Novak_Djokovic,110,0,1,4,5,0-0,0,19,1,0,,1,2,RF,6 b19 f1 f2 f3 b2 f3w@,,,6b19f1f2f3b2f3w@,,0,,6b19f1f2f3b2f3w@,,1,,1,0,6,,b19f1f2f3b2f3w@,False,False,False,False,True,False,b19f1f2f3b2f3w,b19f1f2f3b2f3,bfffbf,6,2,0,0-15,0,4,5,0,0,1,,,6
3242,20151121,Tour_Finals,Roger_Federer,Stanislas_Wawrinka,23,0,0,2,2,0-0,0,5,1,0,,1,2,RF,c4+ r37 z3n@,,,4+r37z3n@,,1,,4r37z3n@,,1,,1,0,4,,r37z3n@,False,False,False,False,True,False,r37z3n,r37z3,rz,2,2,0,0-15,0,2,2,0,0,0,,,2
3281,20151121,Tour_Finals,Roger_Federer,Stanislas_Wawrinka,62,0,0,6,5,15-15,0,12,1,0,,2,1,SW,4 s28 f1d@,,,4s28f1d@,,0,,4s28f1d@,,1,,1,0,4,,s28f1d@,False,False,False,False,True,False,s28f1d,s28f1,sf,2,1,0,15-30,0,6,5,0,0,0,,,2
3284,20151121,Tour_Finals,Roger_Federer,Stanislas_Wawrinka,65,1,0,0,0,0-0,0,13,1,0,,1,2,RF,4 f+38 s3 z3*,,,4f+38s3z3*,,0,,4f+38s3z3*,,1,,1,0,4,,f+38s3z3*,False,False,True,False,False,False,f38s3z3,f38s3z3,fsz,3,2,0,0-15,0,0,0,0,1,0,,,4
3292,20151121,Tour_Finals,Roger_Federer,Stanislas_Wawrinka,73,1,0,1,0,15-15,0,14,1,0,,2,1,SW,4 f29 b3d#,,,4f29b3d#,,0,,4f29b3d#,,1,,1,0,4,,f29b3d#,False,False,False,True,False,False,f29b3d,f29b3,fb,2,1,0,15-30,0,1,0,0,1,0,,,2
3294,20151121,Tour_Finals,Roger_Federer,Stanislas_Wawrinka,75,1,0,1,0,30-30,0,14,1,0,,2,1,SW,4 f29 b2n#,,,4f29b2n#,,0,,4f29b2n#,,1,,1,0,4,,f29b2n#,False,False,False,True,False,False,f29b2n,f29b2,fb,2,1,0,30-40,0,1,0,0,1,0,,,2
3308,20151121,Tour_Finals,Roger_Federer,Stanislas_Wawrinka,89,1,0,3,0,15-15,0,16,1,0,,2,1,SW,5 b39 b2 f1 r2 f3 b3 b3 f+2 f1*,,,5b39b2f1r2f3b3b3f+2f1*,,0,,5b39b2f1r2f3b3b3f+2f1*,,1,,1,0,5,,b39b2f1r2f3b3b3f+2f1*,False,False,True,False,False,False,b39b2f1r2f3b3b3f2f1,b39b2f1r2f3b3b3f2f1,bbfrfbbff,9,1,0,15-30,0,3,0,0,1,0,,,10
3316,20151121,Tour_Finals,Roger_Federer,Stanislas_Wawrinka,97,1,0,3,1,30-0,0,17,1,0,,1,2,RF,6 s27 f1w@,,,6s27f1w@,,0,,6s27f1w@,,1,,1,0,6,,s27f1w@,False,False,False,False,True,False,s27f1w,s27f1,sf,2,2,0,30-15,0,3,1,0,1,0,,,2
3320,20151121,Tour_Finals,Roger_Federer,Stanislas_Wawrinka,101,1,0,4,1,0-0,0,18,1,0,,2,1,SW,4 f18 f2 b3*,,,4f18f2b3*,,0,,4f18f2b3*,,1,,1,0,4,,f18f2b3*,False,False,True,False,False,False,f18f2b3,f18f2b3,ffb,3,1,0,0-15,0,4,1,0,1,0,,,4
3329,20151121,Tour_Finals,Roger_Federer,Stanislas_Wawrinka,110,1,0,5,2,0-0,0,20,1,0,,2,1,SW,5 s28 b;3 f2 f1 f3 b3 s3 b3d@,,,5s28b;3f2f1f3b3s3b3d@,,0,,5s28b;3f2f1f3b3s3b3d@,,1,,1,0,5,,s28b;3f2f1f3b3s3b3d@,False,False,False,False,True,False,s28b3f2f1f3b3s3b3d,s28b3f2f1f3b3s3b3,sbfffbsb,8,1,0,0-15,0,5,2,0,1,0,,,8
3337,20151121,Tour_Finals,Roger_Federer,Stanislas_Wawrinka,118,1,0,5,2,40-40,0,20,1,0,,2,1,SW,6 s38 b3 s3 s1 f3 b3n@,,,6s38b3s3s1f3b3n@,,0,,6s38b3s3s1f3b3n@,,1,,1,0,6,,s38b3s3s1f3b3n@,False,False,False,False,True,False,s38b3s3s1f3b3n,s38b3s3s1f3b3,sbssfb,6,1,0,40-AD,0,5,2,0,1,0,,,6
3369,20151119,Tour_Finals,Roger_Federer,Kei_Nishikori,23,0,0,2,1,30-30,0,4,1,0,,2,1,KN,4 f17 f2 b3 b3 f3 b3 f2 b3 b3 b3 b3 b3n@,,,4f17f2b3b3f3b3f2b3b3b3b3b3n@,,0,,4f17f2b3b3f3b3f2b3b3b3b3b3n@,,1,,1,0,4,,f17f2b3b3f3b3f2b3b3b3b3b3n@,False,False,False,False,True,False,f17f2b3b3f3b3f2b3b3b3b3b3n,f17f2b3b3f3b3f2b3b3b3b3b3,ffbbfbfbbbbb,12,1,0,30-40,0,2,1,0,0,0,,,12
3377,20151119,Tour_Finals,Roger_Federer,Kei_Nishikori,31,0,0,3,1,40-40,0,5,1,0,,1,2,RF,6 s38 f3 s3 f3 b3 f3 b2 f2 b3 b2n@,,,6s38f3s3f3b3f3b2f2b3b2n@,,0,,6s38f3s3f3b3f3b2f2b3b2n@,,1,,1,0,6,,s38f3s3f3b3f3b2f2b3b2n@,False,False,False,False,True,False,s38f3s3f3b3f3b2f2b3b2n,s38f3s3f3b3f3b2f2b3b2,sfsfbfbfbb,10,2,0,40-AD,0,3,1,0,0,0,,,10
3413,20151119,Tour_Finals,Roger_Federer,Kei_Nishikori,67,0,0,6,5,0-0,0,12,1,0,,2,1,KN,c4 f38 b3 b3*,,,4f38b3b3*,,0,,4f38b3b3*,,1,,1,0,4,,f38b3b3*,False,False,True,False,False,False,f38b3b3,f38b3b3,fbb,3,1,0,0-15,0,6,5,0,0,0,,,4
3436,20151119,Tour_Finals,Roger_Federer,Kei_Nishikori,90,1,0,2,1,0-30,0,16,1,0,,2,1,KN,4 f28 b3 b2 f2 f3 s3 f3*,,,4f28b3b2f2f3s3f3*,,0,,4f28b3b2f2f3s3f3*,,1,,1,0,4,,f28b3b2f2f3s3f3*,False,False,True,False,False,False,f28b3b2f2f3s3f3,f28b3b2f2f3s3f3,fbbffsf,7,1,0,0-40,0,2,1,0,1,0,,,8
3449,20151119,Tour_Finals,Roger_Federer,Kei_Nishikori,103,1,0,4,2,0-0,0,19,1,0,,1,2,RF,4 f38 b2 b1*,,,4f38b2b1*,,0,,4f38b2b1*,,1,,1,0,4,,f38b2b1*,False,False,True,False,False,False,f38b2b1,f38b2b1,fbb,3,2,0,0-15,0,4,2,0,1,0,,,4
3458,20151119,Tour_Finals,Roger_Federer,Kei_Nishikori,112,1,0,4,4,0-0,0,21,1,0,,1,2,RF,c6 b38 b3d#,,,6b38b3d#,,0,,6b38b3d#,,1,,1,0,6,,b38b3d#,False,False,False,True,False,False,b38b3d,b38b3,bb,2,2,0,0-15,0,4,4,0,1,0,,,2
3462,20151119,Tour_Finals,Roger_Federer,Kei_Nishikori,116,1,0,4,4,30-30,0,21,1,0,,1,2,RF,6 s27 f@,,,6s27f@,,0,,6s27f@,,1,,1,0,6,,s27f@,False,False,False,False,True,False,s27f,s27f,sf,2,2,0,30-40,0,4,4,0,1,0,,,2
3477,20151119,Tour_Finals,Roger_Federer,Kei_Nishikori,131,1,1,1,0,30-0,0,24,1,0,,2,1,KN,4 f18 f3w@,,,4f18f3w@,,0,,4f18f3w@,,1,,1,0,4,,f18f3w@,False,False,False,False,True,False,f18f3w,f18f3,ff,2,1,0,30-15,0,1,0,0,1,1,,,2
3488,20151119,Tour_Finals,Roger_Federer,Kei_Nishikori,142,1,1,2,1,0-0,0,26,1,0,,2,1,KN,4 b39 b3 b3 b1n@,,,4b39b3b3b1n@,,0,,4b39b3b3b1n@,,1,,1,0,4,,b39b3b3b1n@,False,False,False,False,True,False,b39b3b3b1n,b39b3b3b1,bbbb,4,1,0,0-15,0,2,1,0,1,1,,,4
3490,20151119,Tour_Finals,Roger_Federer,Kei_Nishikori,144,1,1,2,1,15-15,0,26,1,0,,2,1,KN,4 f29 b3w#,,,4f29b3w#,,0,,4f29b3w#,,1,,1,0,4,,f29b3w#,False,False,False,True,False,False,f29b3w,f29b3,fb,2,1,0,15-30,0,2,1,0,1,1,,,2
3534,20151119,Tour_Finals,Roger_Federer,Kei_Nishikori,188,1,1,5,4,40-40,0,32,1,0,,2,1,KN,4 f18 f2d@,,,4f18f2d@,,0,,4f18f2d@,,1,,1,0,4,,f18f2d@,False,False,False,False,True,False,f18f2d,f18f2,ff,2,1,0,40-AD,0,5,4,0,1,1,,,2
3540,20151117,Tour_Finals,Roger_Federer,Novak_Djokovic,5,0,0,0,0,30-30,0,1,1,0,,1,2,RF,6 f29 f3 b3 b1 f1 f3 b3 s3n@,,,6f29f3b3b1f1f3b3s3n@,,0,,6f29f3b3b1f1f3b3s3n@,,1,,1,0,6,,f29f3b3b1f1f3b3s3n@,False,False,False,False,True,False,f29f3b3b1f1f3b3s3n,f29f3b3b1f1f3b3s3,ffbbffbs,8,2,0,30-40,0,0,0,0,0,0,,,8
3567,20151117,Tour_Finals,Roger_Federer,Novak_Djokovic,32,0,0,3,2,0-0,0,6,1,0,,2,1,ND,4 f27 f3 b3 b3 b2 f2 b2 f3 b2 f2d@,,,4f27f3b3b3b2f2b2f3b2f2d@,,0,,4f27f3b3b3b2f2b2f3b2f2d@,,1,,1,0,4,,f27f3b3b3b2f2b2f3b2f2d@,False,False,False,False,True,False,f27f3b3b3b2f2b2f3b2f2d,f27f3b3b3b2f2b2f3b2f2,ffbbbfbfbf,10,1,0,0-15,0,3,2,0,0,0,,,10
3569,20151117,Tour_Finals,Roger_Federer,Novak_Djokovic,34,0,0,3,2,15-15,0,6,1,0,,2,1,ND,6 b28 f2 b3 b3y3 r1w#,,,6b28f2b3b3y3r1w#,,0,,6b28f2b3b3y3r1w#,,1,,1,0,6,,b28f2b3b3y3r1w#,False,False,False,True,False,False,b28f2b3b3y3r1w,b28f2b3b3y3r1,bfbbyr,6,1,0,15-30,0,3,2,0,0,0,,,6
3573,20151117,Tour_Finals,Roger_Federer,Novak_Djokovic,38,0,0,3,3,0-0,0,7,1,0,,1,2,RF,6 b28 f3w@,,,6b28f3w@,,0,,6b28f3w@,,1,,1,0,6,,b28f3w@,False,False,False,False,True,False,b28f3w,b28f3,bf,2,2,0,0-15,0,3,3,0,0,0,,,2
3586,20151117,Tour_Finals,Roger_Federer,Novak_Djokovic,51,0,0,5,4,0-0,0,10,1,0,,2,1,ND,4 f29 b3w#,,,4f29b3w#,,0,,4f29b3w#,,1,,1,0,4,,f29b3w#,False,False,False,True,False,False,f29b3w,f29b3,fb,2,1,0,0-15,0,5,4,0,0,0,,,2
3600,20151117,Tour_Finals,Roger_Federer,Novak_Djokovic,65,0,0,6,5,30-30,0,12,1,0,,2,1,ND,6 s37 b3 b1 f1 f2 b2 b2 b3 b1 f3w@,,,6s37b3b1f1f2b2b2b3b1f3w@,,0,,6s37b3b1f1f2b2b2b3b1f3w@,,1,,1,0,6,,s37b3b1f1f2b2b2b3b1f3w@,False,False,False,False,True,False,s37b3b1f1f2b2b2b3b1f3w,s37b3b1f1f2b2b2b3b1f3,sbbffbbbbf,10,1,0,30-40,0,6,5,0,0,0,,,10
3604,20151117,Tour_Finals,Roger_Federer,Novak_Djokovic,69,0,0,6,5,40-40,0,12,1,0,,2,1,ND,6 s27 f+1 l1 o1 f2 b3n@,,,6s27f+1l1o1f2b3n@,,0,,6s27f+1l1o1f2b3n@,,1,,1,0,6,,s27f+1l1o1f2b3n@,False,False,False,False,True,False,s27f1l1o1f2b3n,s27f1l1o1f2b3,sflofb,6,1,0,40-AD,0,6,5,0,0,0,,,6
3611,20151117,Tour_Finals,Roger_Federer,Novak_Djokovic,76,1,0,1,0,0-0,0,14,1,0,,2,1,ND,4 f18 f3 s3 b2 f1 f1 f1 f1w@,,,4f18f3s3b2f1f1f1f1w@,,0,,4f18f3s3b2f1f1f1f1w@,,1,,1,0,4,,f18f3s3b2f1f1f1f1w@,False,False,False,False,True,False,f18f3s3b2f1f1f1f1w,f18f3s3b2f1f1f1f1,ffsbffff,8,1,0,0-15,0,1,0,0,1,0,,,8
3613,20151117,Tour_Finals,Roger_Federer,Novak_Djokovic,78,1,0,1,0,0-30,0,14,1,0,,2,1,ND,6 s38 b3 f1 f#,,,6s38b3f1f#,,0,,6s38b3f1f#,,1,,1,0,6,,s38b3f1f#,False,False,False,True,False,False,s38b3f1f,s38b3f1f,sbff,4,1,0,0-40,0,1,0,0,1,0,,,4
3619,20151117,Tour_Finals,Roger_Federer,Novak_Djokovic,84,1,0,2,0,15-15,0,15,1,0,,1,2,RF,6+ s37 z1 l3 p2 f1 f2 f1 f2n@,,,6+s37z1l3p2f1f2f1f2n@,,1,,6s37z1l3p2f1f2f1f2n@,,1,,1,0,6,,s37z1l3p2f1f2f1f2n@,False,False,False,False,True,False,s37z1l3p2f1f2f1f2n,s37z1l3p2f1f2f1f2,szlpffff,8,2,0,15-30,0,2,0,0,1,0,,,8
3625,20151117,Tour_Finals,Roger_Federer,Novak_Djokovic,90,1,0,2,1,30-0,0,16,1,0,,2,1,ND,6 b27 f1 f2 b3 b1*,,,6b27f1f2b3b1*,,0,,6b27f1f2b3b1*,,1,,1,0,6,,b27f1f2b3b1*,False,False,True,False,False,False,b27f1f2b3b1,b27f1f2b3b1,bffbb,5,1,0,30-15,0,2,1,0,1,0,,,6
3634,20151117,Tour_Finals,Roger_Federer,Novak_Djokovic,99,1,0,3,2,0-0,0,18,1,0,,2,1,ND,6 s37 b3 b3 b3n@,,,6s37b3b3b3n@,,0,,6s37b3b3b3n@,,1,,1,0,6,,s37b3b3b3n@,False,False,False,False,True,False,s37b3b3b3n,s37b3b3b3,sbbb,4,1,0,0-15,0,3,2,0,1,0,,,4
3636,20151117,Tour_Finals,Roger_Federer,Novak_Djokovic,101,1,0,3,2,15-15,0,18,1,0,,2,1,ND,6 s28 b3 b3 b2n@,,,6s28b3b3b2n@,,0,,6s28b3b3b2n@,,1,,1,0,6,,s28b3b3b2n@,False,False,False,False,True,False,s28b3b3b2n,s28b3b3b2,sbbb,4,1,0,15-30,0,3,2,0,1,0,,,4
3645,20151117,Tour_Finals,Roger_Federer,Novak_Djokovic,110,1,0,5,2,30-0,0,20,1,0,,2,1,ND,6 s37 b1n@,,,6s37b1n@,,0,,6s37b1n@,,1,,1,0,6,,s37b1n@,False,False,False,False,True,False,s37b1n,s37b1,sb,2,1,0,30-15,0,5,2,0,1,0,,,2
3649,20151117,Tour_Finals,Roger_Federer,Novak_Djokovic,114,1,0,5,2,40-40,0,20,1,0,,2,1,ND,6 f17 f+3 b3*,,,6f17f+3b3*,,0,,6f17f+3b3*,,1,,1,0,6,,f17f+3b3*,False,False,True,False,False,False,f17f3b3,f17f3b3,ffb,3,1,0,40-AD,0,5,2,0,1,0,,,4
3657,20151031,Basel,Roger_Federer,Jack_Sock,3,0,0,0,0,15-15,0,1,1,0,,1,2,RF,4 f27 f3n@,,,4f27f3n@,,0,,4f27f3n@,,1,,1,0,4,,f27f3n@,False,False,False,False,True,False,f27f3n,f27f3,ff,2,2,0,15-30,0,0,0,0,0,0,,,2
3673,20151031,Basel,Roger_Federer,Jack_Sock,19,0,0,2,1,0-0,0,4,1,0,,2,1,JS,4 f28 f3 b2 f3w@,,,4f28f3b2f3w@,,0,,4f28f3b2f3w@,,1,,1,0,4,,f28f3b2f3w@,False,False,False,False,True,False,f28f3b2f3w,f28f3b2f3,ffbf,4,1,0,0-15,0,2,1,0,0,0,,,4
3678,20151031,Basel,Roger_Federer,Jack_Sock,24,0,0,3,1,0-0,0,5,1,0,,1,2,RF,4 f28 f@,,,4f28f@,,0,,4f28f@,,1,,1,0,4,,f28f@,False,False,False,False,True,False,f28f,f28f,ff,2,2,0,0-15,0,3,1,0,0,0,,,2
3696,20151031,Basel,Roger_Federer,Jack_Sock,42,0,0,5,2,0-0,0,8,1,0,,2,1,JS,6 s28 f3w@,,,6s28f3w@,,0,,6s28f3w@,,1,,1,0,6,,s28f3w@,False,False,False,False,True,False,s28f3w,s28f3,sf,2,1,0,0-15,0,5,2,0,0,0,,,2
3716,20151031,Basel,Roger_Federer,Jack_Sock,62,1,0,1,1,0-0,0,12,1,0,,2,1,JS,5 s17 f+1 f3 z3 b1 v#,,,5s17f+1f3z3b1v#,,0,,5s17f+1f3z3b1v#,,1,,1,0,5,,s17f+1f3z3b1v#,False,False,False,True,False,False,s17f1f3z3b1v,s17f1f3z3b1v,sffzbv,6,1,0,0-15,0,1,1,0,1,0,,,6
3722,20151031,Basel,Roger_Federer,Jack_Sock,68,1,0,1,1,40-40,0,12,1,0,,2,1,JS,6 b28 f3 b2 f3 s3 f3n@,,,6b28f3b2f3s3f3n@,,0,,6b28f3b2f3s3f3n@,,1,,1,0,6,,b28f3b2f3s3f3n@,False,False,False,False,True,False,b28f3b2f3s3f3n,b28f3b2f3s3f3,bfbfsf,6,1,0,40-AD,0,1,1,0,1,0,,,6
3724,20151031,Basel,Roger_Federer,Jack_Sock,70,1,0,1,1,40-40,0,12,1,0,,2,1,JS,6 s28 f3w@,,,6s28f3w@,,0,,6s28f3w@,,1,,1,0,6,,s28f3w@,False,False,False,False,True,False,s28f3w,s28f3,sf,2,1,0,40-AD,0,1,1,0,1,0,,,2
3726,20151031,Basel,Roger_Federer,Jack_Sock,72,1,0,1,1,40-40,0,12,1,0,,2,1,JS,6+ s27 v1 l2 o3w#,,,6+s27v1l2o3w#,,1,,6s27v1l2o3w#,,1,,1,0,6,,s27v1l2o3w#,False,False,False,True,False,False,s27v1l2o3w,s27v1l2o3,svlo,4,1,0,40-AD,0,1,1,0,1,0,,,4
3732,20151031,Basel,Roger_Federer,Jack_Sock,78,1,0,3,1,0-0,0,14,1,0,,2,1,JS,6 s28y1n@,,,6s28y1n@,,0,,6s28y1n@,,1,,1,0,6,,s28y1n@,False,False,False,False,True,False,s28y1n,s28y1,sy,2,1,0,0-15,0,3,1,0,1,0,,,2
3743,20151031,Basel,Roger_Federer,Jack_Sock,89,1,0,5,1,0-0,0,16,1,0,,2,1,JS,6+ b27 i2 r1*,,,6+b27i2r1*,,1,,6b27i2r1*,,1,,1,0,6,,b27i2r1*,False,False,True,False,False,False,b27i2r1,b27i2r1,bir,3,1,0,0-15,0,5,1,0,1,0,,,4
3752,20151031,Basel,Roger_Federer,Jack_Sock,98,1,0,5,2,30-30,0,17,1,0,,1,2,RF,4 f17*,,,4f17*,,0,,4f17*,,1,,1,0,4,,f17*,False,False,True,False,False,False,f17,f17,f,1,2,0,30-40,0,5,2,0,1,0,,,2
3756,20151031,Basel,Roger_Federer,Jack_Sock,102,1,0,5,3,15-15,0,18,1,0,,2,1,JS,4 f28 b2d@,,,4f28b2d@,,0,,4f28b2d@,,1,,1,0,4,,f28b2d@,False,False,False,False,True,False,f28b2d,f28b2,fb,2,1,0,15-30,0,5,3,0,1,0,,,2
3760,20151031,Basel,Roger_Federer,Jack_Sock,106,1,0,5,4,0-0,0,19,1,0,,1,2,RF,4 f27 b3d@,,,4f27b3d@,,0,,4f27b3d@,,1,,1,0,4,,f27b3d@,False,False,False,False,True,False,f27b3d,f27b3,fb,2,2,0,0-15,0,5,4,0,1,0,,,2
3789,20151030,Basel,Roger_Federer,David_Goffin,25,0,0,2,2,30-0,0,5,1,0,,1,2,RF,6 f29 f2 b3 b2 f2 f3n@,,,6f29f2b3b2f2f3n@,,0,,6f29f2b3b2f2f3n@,,1,,1,0,6,,f29f2b3b2f2f3n@,False,False,False,False,True,False,f29f2b3b2f2f3n,f29f2b3b2f2f3,ffbbff,6,2,0,30-15,0,2,2,0,0,0,,,6
3792,20151030,Basel,Roger_Federer,David_Goffin,28,0,0,3,2,0-0,0,6,1,0,,2,1,DG,c5 s29 b3 b2 f2 b1 f3 b3 s1w#,,,5s29b3b2f2b1f3b3s1w#,,0,,5s29b3b2f2b1f3b3s1w#,,1,,1,0,5,,s29b3b2f2b1f3b3s1w#,False,False,False,True,False,False,s29b3b2f2b1f3b3s1w,s29b3b2f2b1f3b3s1,sbbfbfbs,8,1,0,0-15,0,3,2,0,0,0,,,8
3805,20151030,Basel,Roger_Federer,David_Goffin,41,0,0,4,2,40-40,0,7,1,0,,1,2,RF,4 f38 b@,,,4f38b@,,0,,4f38b@,,1,,1,0,4,,f38b@,False,False,False,False,True,False,f38b,f38b,fb,2,2,0,40-AD,0,4,2,0,0,0,,,2
3859,20151030,Basel,Roger_Federer,David_Goffin,95,1,0,2,4,0-0,0,16,1,0,,2,1,DG,4 f28 f2 s2 f3 s2 v2 l2 o3d@,,,4f28f2s2f3s2v2l2o3d@,,0,,4f28f2s2f3s2v2l2o3d@,,1,,1,0,4,,f28f2s2f3s2v2l2o3d@,False,False,False,False,True,False,f28f2s2f3s2v2l2o3d,f28f2s2f3s2v2l2o3,ffsfsvlo,8,1,0,0-15,0,2,4,0,1,0,,,8
3890,20151030,Basel,Roger_Federer,David_Goffin,126,1,1,1,0,30-30,0,20,1,0,,2,1,DG,6 f18 f1 r2 f1 f1 f3w@,,,6f18f1r2f1f1f3w@,,0,,6f18f1r2f1f1f3w@,,1,,1,0,6,,f18f1r2f1f1f3w@,False,False,False,False,True,False,f18f1r2f1f1f3w,f18f1r2f1f1f3,ffrfff,6,1,0,30-40,0,1,0,0,1,1,,,6
3899,20151030,Basel,Roger_Federer,David_Goffin,135,1,1,3,0,15-15,0,22,1,0,,2,1,DG,4 f18 f2y3 f1 r1 v3 s3 v1w@,,,4f18f2y3f1r1v3s3v1w@,,0,,4f18f2y3f1r1v3s3v1w@,,1,,1,0,4,,f18f2y3f1r1v3s3v1w@,False,False,False,False,True,False,f18f2y3f1r1v3s3v1w,f18f2y3f1r1v3s3v1,ffyfrvsv,8,1,0,15-30,0,3,0,0,1,1,,,8
3901,20151030,Basel,Roger_Federer,David_Goffin,137,1,1,3,0,30-30,0,22,1,0,,2,1,DG,4 f18*,,,4f18*,,0,,4f18*,,1,,1,0,4,,f18*,False,False,True,False,False,False,f18,f18,f,1,1,0,30-40,0,3,0,0,1,1,,,2
3913,20151030,Basel,Roger_Federer,David_Goffin,149,1,1,4,1,0-30,0,24,1,0,,2,1,DG,6 s28 f+1 f1 v1 l2 o3n#,,,6s28f+1f1v1l2o3n#,,0,,6s28f+1f1v1l2o3n#,,1,,1,0,6,,s28f+1f1v1l2o3n#,False,False,False,True,False,False,s28f1f1v1l2o3n,s28f1f1v1l2o3,sffvlo,6,1,0,0-40,0,4,1,0,1,1,,,6
3926,20151027,Basel,Roger_Federer,Mikhail_Kukushkin,5,0,0,1,0,0-0,0,2,1,0,,2,1,MK,c4 f38 b3 z2 l3 p3 b1 v1*,,,4f38b3z2l3p3b1v1*,,0,,4f38b3z2l3p3b1v1*,,1,,1,0,4,,f38b3z2l3p3b1v1*,False,False,True,False,False,False,f38b3z2l3p3b1v1,f38b3z2l3p3b1v1,fbzlpbv,7,1,0,0-15,0,1,0,0,0,0,,,8
3934,20151027,Basel,Roger_Federer,Mikhail_Kukushkin,13,0,0,2,0,0-0,0,3,1,0,,1,2,RF,4 f27 f+3w@,,,4f27f+3w@,,0,,4f27f+3w@,,1,,1,0,4,,f27f+3w@,False,False,False,False,True,False,f27f3w,f27f3,ff,2,2,0,0-15,0,2,0,0,0,0,,,2
3942,20151027,Basel,Roger_Federer,Mikhail_Kukushkin,21,0,0,3,0,0-0,0,4,1,0,,2,1,MK,6 s28 b3 s2 f3 s2 f3 b1 r#,,,6s28b3s2f3s2f3b1r#,,0,,6s28b3s2f3s2f3b1r#,,1,,1,0,6,,s28b3s2f3s2f3b1r#,False,False,False,True,False,False,s28b3s2f3s2f3b1r,s28b3s2f3s2f3b1r,sbsfsfbr,8,1,0,0-15,0,3,0,0,0,0,,,8
3961,20151027,Basel,Roger_Federer,Mikhail_Kukushkin,40,1,0,0,0,0-0,0,8,1,0,,2,1,MK,6 s37 s3 b2 f2 f+3 b3 z1*,,,6s37s3b2f2f+3b3z1*,,0,,6s37s3b2f2f+3b3z1*,,1,,1,0,6,,s37s3b2f2f+3b3z1*,False,False,True,False,False,False,s37s3b2f2f3b3z1,s37s3b2f2f3b3z1,ssbffbz,7,1,0,0-15,0,0,0,0,1,0,,,8
3971,20151027,Basel,Roger_Federer,Mikhail_Kukushkin,50,1,0,0,0,40-40,0,8,1,0,,2,1,MK,6 s28 f3n@,,,6s28f3n@,,0,,6s28f3n@,,1,,1,0,6,,s28f3n@,False,False,False,False,True,False,s28f3n,s28f3,sf,2,1,0,40-AD,0,0,0,0,1,0,,,2
3980,20151027,Basel,Roger_Federer,Mikhail_Kukushkin,59,1,0,1,1,0-0,0,10,1,0,,2,1,MK,5 f;28 f3 s3 s3 b3 b1 f1 f3 s3 b3 s3 b2 s2 f2 f1 f1 f1 f2d@,,,5f;28f3s3s3b3b1f1f3s3b3s3b2s2f2f1f1f1f2d@,,0,,5f;28f3s3s3b3b1f1f3s3b3s3b2s2f2f1f1f1f2d@,,1,,1,0,5,,f;28f3s3s3b3b1f1f3s3b3s3b2s2f2f1f1f1f2d@,False,False,False,False,True,False,f28f3s3s3b3b1f1f3s3b3s3b2s2f2f1f1f1f2d,f28f3s3s3b3b1f1f3s3b3s3b2s2f2f1f1f1f2,ffssbbffsbsbsfffff,18,1,0,0-15,0,1,1,0,1,0,,,18
3994,20151027,Basel,Roger_Federer,Mikhail_Kukushkin,73,1,0,1,2,30-0,0,11,1,0,,1,2,RF,4 f39 s2n#,,,4f39s2n#,,0,,4f39s2n#,,1,,1,0,4,,f39s2n#,False,False,False,True,False,False,f39s2n,f39s2,fs,2,2,0,30-15,0,1,2,0,1,0,,,2
3997,20151027,Basel,Roger_Federer,Mikhail_Kukushkin,76,1,0,2,2,0-0,0,12,1,0,,2,1,MK,4 f;27*,,,4f;27*,,0,,4f;27*,,1,,1,0,4,,f;27*,False,False,True,False,False,False,f27,f27,f,1,1,0,0-15,0,2,2,0,1,0,,,2
3999,20151027,Basel,Roger_Federer,Mikhail_Kukushkin,78,1,0,2,2,0-30,0,12,1,0,,2,1,MK,6 b29 f2 s+3 b3d#,,,6b29f2s+3b3d#,,0,,6b29f2s+3b3d#,,1,,1,0,6,,b29f2s+3b3d#,False,False,False,True,False,False,b29f2s3b3d,b29f2s3b3,bfsb,4,1,0,0-40,0,2,2,0,1,0,,,4
4041,20150913,US_Open,Roger_Federer,Novak_Djokovic,27,0,0,1,2,0-0,0,4,1,0,,2,1,ND,4 f18 f3n#,,,4f18f3n#,,0,,4f18f3n#,,1,,1,0,4,,f18f3n#,False,False,False,True,False,False,f18f3n,f18f3,ff,2,1,0,0-15,0,1,2,0,0,0,,,2
4043,20150913,US_Open,Roger_Federer,Novak_Djokovic,29,0,0,1,2,0-30,0,4,1,0,,2,1,ND,4 f28 f2 s2 b2 b2 b2n@,,,4f28f2s2b2b2b2n@,,0,,4f28f2s2b2b2b2n@,,1,,1,0,4,,f28f2s2b2b2b2n@,False,False,False,False,True,False,f28f2s2b2b2b2n,f28f2s2b2b2b2,ffsbbb,6,1,0,0-40,0,1,2,0,0,0,,,6
4052,20150913,US_Open,Roger_Federer,Novak_Djokovic,38,0,0,3,2,30-0,0,6,1,0,,2,1,ND,4 f29 f2 b3 b3 b1*,,,4f29f2b3b3b1*,,0,,4f29f2b3b3b1*,,1,,1,0,4,,f29f2b3b3b1*,False,False,True,False,False,False,f29f2b3b3b1,f29f2b3b3b1,ffbbb,5,1,0,30-15,0,3,2,0,0,0,,,6
4059,20150913,US_Open,Roger_Federer,Novak_Djokovic,45,0,0,3,3,30-30,0,7,1,0,,1,2,RF,4 f29 b3 b3 b3 b3 b2 b3 s3 b3 b2n@,,,4f29b3b3b3b3b2b3s3b3b2n@,,0,,4f29b3b3b3b3b2b3s3b3b2n@,,1,,1,0,4,,f29b3b3b3b3b2b3s3b3b2n@,False,False,False,False,True,False,f29b3b3b3b3b2b3s3b3b2n,f29b3b3b3b3b2b3s3b3b2,fbbbbbbsbb,10,2,0,30-40,0,3,3,0,0,0,,,10
4065,20150913,US_Open,Roger_Federer,Novak_Djokovic,51,0,0,3,4,30-30,0,8,1,0,,2,1,ND,6 s27 f1 f1 f3d@,,,6s27f1f1f3d@,,0,,6s27f1f1f3d@,,1,,1,0,6,,s27f1f1f3d@,False,False,False,False,True,False,s27f1f1f3d,s27f1f1f3,sfff,4,1,0,30-40,0,3,4,0,0,0,,,4
4071,20150913,US_Open,Roger_Federer,Novak_Djokovic,57,0,0,3,5,30-0,0,9,1,0,,1,2,RF,4 f28 f+3d@,,,4f28f+3d@,,0,,4f28f+3d@,,1,,1,0,4,,f28f+3d@,False,False,False,False,True,False,f28f3d,f28f3,ff,2,2,0,30-15,0,3,5,0,0,0,,,2
4097,20150913,US_Open,Roger_Federer,Novak_Djokovic,83,0,1,1,0,40-40,0,12,1,0,,2,1,ND,4 f28 f2 b1 f1 f+3*,,,4f28f2b1f1f+3*,,0,,4f28f2b1f1f+3*,,1,,1,0,4,,f28f2b1f1f+3*,False,False,True,False,False,False,f28f2b1f1f3,f28f2b1f1f3,ffbff,5,1,0,40-AD,0,1,0,0,0,1,,,6
4099,20150913,US_Open,Roger_Federer,Novak_Djokovic,85,0,1,1,0,40-40,0,12,1,0,,2,1,ND,6 b19 f2 f1 r2 v2*,,,6b19f2f1r2v2*,,0,,6b19f2f1r2v2*,,1,,1,0,6,,b19f2f1r2v2*,False,False,True,False,False,False,b19f2f1r2v2,b19f2f1r2v2,bffrv,5,1,0,40-AD,0,1,0,0,0,1,,,6
4142,20150913,US_Open,Roger_Federer,Novak_Djokovic,128,0,1,5,4,40-40,0,20,1,0,,2,1,ND,6 s38 b2 b2 f3 b2 f3 s2 b2y1 f2d@,,,6s38b2b2f3b2f3s2b2y1f2d@,,0,,6s38b2b2f3b2f3s2b2y1f2d@,,1,,1,0,6,,s38b2b2f3b2f3s2b2y1f2d@,False,False,False,False,True,False,s38b2b2f3b2f3s2b2y1f2d,s38b2b2f3b2f3s2b2y1f2,sbbfbfsbyf,10,1,0,40-AD,0,5,4,0,0,1,,,10
4146,20150913,US_Open,Roger_Federer,Novak_Djokovic,132,0,1,5,4,40-40,0,20,1,0,,2,1,ND,6 s27 f+3 b1*,,,6s27f+3b1*,,0,,6s27f+3b1*,,1,,1,0,6,,s27f+3b1*,False,False,True,False,False,False,s27f3b1,s27f3b1,sfb,3,1,0,40-AD,0,5,4,0,0,1,,,4
4160,20150913,US_Open,Roger_Federer,Novak_Djokovic,146,0,1,6,5,0-0,0,22,1,0,,2,1,ND,4 f28 f3 s2 f1 f2 b3 s3 b2n@,,,4f28f3s2f1f2b3s3b2n@,,0,,4f28f3s2f1f2b3s3b2n@,,1,,1,0,4,,f28f3s2f1f2b3s3b2n@,False,False,False,False,True,False,f28f3s2f1f2b3s3b2n,f28f3s2f1f2b3s3b2,ffsffbsb,8,1,0,0-15,0,6,5,0,0,1,,,8
4162,20150913,US_Open,Roger_Federer,Novak_Djokovic,148,0,1,6,5,15-15,0,22,1,0,,2,1,ND,4 f28 b2d#,,,4f28b2d#,,0,,4f28b2d#,,1,,1,0,4,,f28b2d#,False,False,False,True,False,False,f28b2d,f28b2,fb,2,1,0,15-30,0,6,5,0,0,1,,,2
4171,20150913,US_Open,Roger_Federer,Novak_Djokovic,157,1,1,1,0,0-0,0,24,1,0,,2,1,ND,6 b38 f2 b+3 b3 z1*,,,6b38f2b+3b3z1*,,0,,6b38f2b+3b3z1*,,1,,1,0,6,,b38f2b+3b3z1*,False,False,True,False,False,False,b38f2b3b3z1,b38f2b3b3z1,bfbbz,5,1,0,0-15,0,1,0,0,1,1,,,6
4183,20150913,US_Open,Roger_Federer,Novak_Djokovic,169,1,1,1,1,40-40,0,25,1,0,,1,2,RF,4 f39 b3w#,,,4f39b3w#,,0,,4f39b3w#,,1,,1,0,4,,f39b3w#,False,False,False,True,False,False,f39b3w,f39b3,fb,2,2,0,40-AD,0,1,1,0,1,1,,,2
4187,20150913,US_Open,Roger_Federer,Novak_Djokovic,173,1,1,1,2,15-15,0,26,1,0,,2,1,ND,6 s27 f3w@,,,6s27f3w@,,0,,6s27f3w@,,1,,1,0,6,,s27f3w@,False,False,False,False,True,False,s27f3w,s27f3,sf,2,1,0,15-30,0,1,2,0,1,1,,,2
4199,20150913,US_Open,Roger_Federer,Novak_Djokovic,185,1,1,3,2,0-0,0,28,1,0,,2,1,ND,4 f17 f1 f1 f1 f1 f1 f1 f#,,,4f17f1f1f1f1f1f1f#,,0,,4f17f1f1f1f1f1f1f#,,1,,1,0,4,,f17f1f1f1f1f1f1f#,False,False,False,True,False,False,f17f1f1f1f1f1f1f,f17f1f1f1f1f1f1f,ffffffff,8,1,0,0-15,0,3,2,0,1,1,,,8
4223,20150913,US_Open,Roger_Federer,Novak_Djokovic,209,1,1,4,4,30-0,0,31,1,0,,1,2,RF,4 b28 b3 b3 b3 b1 f1n#,,,4b28b3b3b3b1f1n#,,0,,4b28b3b3b3b1f1n#,,1,,1,0,4,,b28b3b3b3b1f1n#,False,False,False,True,False,False,b28b3b3b3b1f1n,b28b3b3b3b1f1,bbbbbf,6,2,0,30-15,0,4,4,0,1,1,,,6
4229,20150913,US_Open,Roger_Federer,Novak_Djokovic,215,1,1,4,4,40-40,0,31,1,0,,1,2,RF,4 f28 f@,,,4f28f@,,0,,4f28f@,,1,,1,0,4,,f28f@,False,False,False,False,True,False,f28f,f28f,ff,2,2,0,40-AD,0,4,4,0,1,1,,,2
4233,20150913,US_Open,Roger_Federer,Novak_Djokovic,219,1,1,4,5,15-15,0,32,1,0,,2,1,ND,6 b28 b3 b3 f3 b3 b3 b2 f2 b3 b2n@,,,6b28b3b3f3b3b3b2f2b3b2n@,,0,,6b28b3b3f3b3b3b2f2b3b2n@,,1,,1,0,6,,b28b3b3f3b3b3b2f2b3b2n@,False,False,False,False,True,False,b28b3b3f3b3b3b2f2b3b2n,b28b3b3f3b3b3b2f2b3b2,bbbfbbbfbb,10,1,0,15-30,0,4,5,0,1,1,,,10
4241,20150913,US_Open,Roger_Federer,Novak_Djokovic,227,1,2,0,0,15-15,0,33,1,0,,1,2,RF,4 f18 f3w@,,,4f18f3w@,,0,,4f18f3w@,,1,,1,0,4,,f18f3w@,False,False,False,False,True,False,f18f3w,f18f3,ff,2,2,0,15-30,0,0,0,0,1,2,,,2
4243,20150913,US_Open,Roger_Federer,Novak_Djokovic,229,1,2,0,0,30-30,0,33,1,0,,1,2,RF,4 f39 b3 b3 b2 f2 f3 b3 b2 f1 r2 f2 b2 b3 s3 b3 b3 b3 f3 b3 s3 b3 b2d@,,,4f39b3b3b2f2f3b3b2f1r2f2b2b3s3b3b3b3f3b3s3b3b2d@,,0,,4f39b3b3b2f2f3b3b2f1r2f2b2b3s3b3b3b3f3b3s3b3b2d@,,1,,1,0,4,,f39b3b3b2f2f3b3b2f1r2f2b2b3s3b3b3b3f3b3s3b3b2d@,False,False,False,False,True,False,f39b3b3b2f2f3b3b2f1r2f2b2b3s3b3b3b3f3b3s3b3b2d,f39b3b3b2f2f3b3b2f1r2f2b2b3s3b3b3b3f3b3s3b3b2,fbbbffbbfrfbbsbbbfbsbb,22,2,0,30-40,0,0,0,0,1,2,,,22
4245,20150913,US_Open,Roger_Federer,Novak_Djokovic,231,1,2,0,0,40-40,0,33,1,0,,1,2,RF,4 f28 f3n@,,,4f28f3n@,,0,,4f28f3n@,,1,,1,0,4,,f28f3n@,False,False,False,False,True,False,f28f3n,f28f3,ff,2,2,0,40-AD,0,0,0,0,1,2,,,2
4247,20150913,US_Open,Roger_Federer,Novak_Djokovic,233,1,2,0,1,0-0,0,34,1,0,,2,1,ND,4 f18*,,,4f18*,,0,,4f18*,,1,,1,0,4,,f18*,False,False,True,False,False,False,f18,f18,f,1,1,0,0-15,0,0,1,0,1,2,,,2
4271,20150913,US_Open,Roger_Federer,Novak_Djokovic,257,1,2,2,3,15-15,0,38,1,0,,2,1,ND,6 b19 f;2 f3*,,,6b19f;2f3*,,0,,6b19f;2f3*,,1,,1,0,6,,b19f;2f3*,False,False,True,False,False,False,b19f2f3,b19f2f3,bff,3,1,0,15-30,0,2,3,0,1,2,,,4
4273,20150913,US_Open,Roger_Federer,Novak_Djokovic,259,1,2,2,3,30-30,0,38,1,0,,2,1,ND,4 f29 b2 f3 b3 b3 b3 b3 b3w@,,,4f29b2f3b3b3b3b3b3w@,,0,,4f29b2f3b3b3b3b3b3w@,,1,,1,0,4,,f29b2f3b3b3b3b3b3w@,False,False,False,False,True,False,f29b2f3b3b3b3b3b3w,f29b2f3b3b3b3b3b3,fbfbbbbb,8,1,0,30-40,0,2,3,0,1,2,,,8
4303,20150913,US_Open,Roger_Federer,Novak_Djokovic,289,1,2,4,5,40-40,0,42,1,0,,2,1,ND,4 f28 b3 s2 f2 b1*,,,4f28b3s2f2b1*,,0,,4f28b3s2f2b1*,,1,,1,0,4,,f28b3s2f2b1*,False,False,True,False,False,False,f28b3s2f2b1,f28b3s2f2b1,fbsfb,5,1,0,40-AD,0,4,5,0,1,2,,,6
4331,20150910,US_Open,Roger_Federer,Richard_Gasquet,25,0,0,3,2,0-0,0,6,1,0,,2,1,RG,4 f29 f#,,,4f29f#,,0,,4f29f#,,1,,1,0,4,,f29f#,False,False,False,True,False,False,f29f,f29f,ff,2,1,0,0-15,0,3,2,0,0,0,,,2
4333,20150910,US_Open,Roger_Federer,Richard_Gasquet,27,0,0,3,2,0-30,0,6,1,0,,2,1,RG,5 b28 f2 f3 b@,,,5b28f2f3b@,,0,,5b28f2f3b@,,1,,1,0,5,,b28f2f3b@,False,False,False,False,True,False,b28f2f3b,b28f2f3b,bffb,4,1,0,0-40,0,3,2,0,0,0,,,4
4343,20150910,US_Open,Roger_Federer,Richard_Gasquet,37,0,0,5,2,0-0,0,8,1,0,,2,1,RG,5 b29 f3 s2 f3 s2 b3 b3 b1n@,,,5b29f3s2f3s2b3b3b1n@,,0,,5b29f3s2f3s2b3b3b1n@,,1,,1,0,5,,b29f3s2f3s2b3b3b1n@,False,False,False,False,True,False,b29f3s2f3s2b3b3b1n,b29f3s2f3s2b3b3b1,bfsfsbbb,8,1,0,0-15,0,5,2,0,0,0,,,8
4345,20150910,US_Open,Roger_Federer,Richard_Gasquet,39,0,0,5,2,0-30,0,8,1,0,,2,1,RG,6 b27 b3 b3*,,,6b27b3b3*,,0,,6b27b3b3*,,1,,1,0,6,,b27b3b3*,False,False,True,False,False,False,b27b3b3,b27b3b3,bbb,3,1,0,0-40,0,5,2,0,0,0,,,4
4385,20150910,US_Open,Roger_Federer,Richard_Gasquet,79,1,0,3,2,0-0,0,15,1,0,,1,2,RF,4 f27 f1d@,,,4f27f1d@,,0,,4f27f1d@,,1,,1,0,4,,f27f1d@,False,False,False,False,True,False,f27f1d,f27f1,ff,2,2,0,0-15,0,3,2,0,1,0,,,2
4401,20150910,US_Open,Roger_Federer,Richard_Gasquet,95,1,0,4,3,0-0,0,17,1,0,,1,2,RF,6+ b28 z3 b1 v@,,,6+b28z3b1v@,,1,,6b28z3b1v@,,1,,1,0,6,,b28z3b1v@,False,False,False,False,True,False,b28z3b1v,b28z3b1v,bzbv,4,2,0,0-15,0,4,3,0,1,0,,,4
4420,20150910,US_Open,Roger_Federer,Richard_Gasquet,114,2,0,1,0,0-0,0,20,1,0,,2,1,RG,5 b18*,,,5b18*,,0,,5b18*,,1,,1,0,5,,b18*,False,False,True,False,False,False,b18,b18,b,1,1,0,0-15,0,1,0,0,2,0,,,2
4440,20150910,US_Open,Roger_Federer,Richard_Gasquet,134,2,0,4,1,15-15,0,24,1,0,,2,1,RG,6 b28 b3d@,,,6b28b3d@,,0,,6b28b3d@,,1,,1,0,6,,b28b3d@,False,False,False,False,True,False,b28b3d,b28b3,bb,2,1,0,15-30,0,4,1,0,2,0,,,2
4485,20150908,US_Open,Roger_Federer,John_Isner,36,0,0,3,2,40-40,0,6,1,0,,2,1,JI,5 b27 f+3 m3 o=3 b3 f3 b3*,,,5b27f+3m3o=3b3f3b3*,,0,,5b27f+3m3o=3b3f3b3*,,1,,1,0,5,,b27f+3m3o=3b3f3b3*,False,False,True,False,False,False,b27f3m3o3b3f3b3,b27f3m3o3b3f3b3,bfmobfb,7,1,0,40-AD,0,3,2,0,0,0,,,8
4503,20150908,US_Open,Roger_Federer,John_Isner,54,0,0,5,4,30-0,0,10,1,0,,2,1,JI,6 b28 z2 f2 z2n#,,,6b28z2f2z2n#,,0,,6b28z2f2z2n#,,1,,1,0,6,,b28z2f2z2n#,False,False,False,True,False,False,b28z2f2z2n,b28z2f2z2,bzfz,4,1,0,30-15,0,5,4,0,0,0,,,4
4506,20150908,US_Open,Roger_Federer,John_Isner,57,0,0,5,5,0-0,0,11,1,0,,1,2,RF,4 f28 f1 f2 f2 b2 f1 f2 b@,,,4f28f1f2f2b2f1f2b@,,0,,4f28f1f2f2b2f1f2b@,,1,,1,0,4,,f28f1f2f2b2f1f2b@,False,False,False,False,True,False,f28f1f2f2b2f1f2b,f28f1f2f2b2f1f2b,ffffbffb,8,2,0,0-15,0,5,5,0,0,0,,,8
4514,20150908,US_Open,Roger_Federer,John_Isner,65,0,0,6,5,30-0,0,12,1,0,,2,1,JI,5 b28 f+1 f2 z#,,,5b28f+1f2z#,,0,,5b28f+1f2z#,,1,,1,0,5,,b28f+1f2z#,False,False,False,True,False,False,b28f1f2z,b28f1f2z,bffz,4,1,0,30-15,0,6,5,0,0,0,,,4
4535,20150908,US_Open,Roger_Federer,John_Isner,93,1,0,1,1,40-40,0,16,1,0,,2,1,JI,6 s28 f3 b2 f3d@,,,6s28f3b2f3d@,,0,,6s28f3b2f3d@,,1,,1,0,6,,s28f3b2f3d@,False,False,False,False,True,False,s28f3b2f3d,s28f3b2f3,sfbf,4,1,0,40-AD,0,1,1,0,1,0,,,4
4539,20150908,US_Open,Roger_Federer,John_Isner,97,1,0,1,1,40-40,0,16,1,0,,2,1,JI,4 f38*,,,4f38*,,0,,4f38*,,1,,1,0,4,,f38*,False,False,True,False,False,False,f38,f38,f,1,1,0,40-AD,0,1,1,0,1,0,,,2
4547,20150908,US_Open,Roger_Federer,John_Isner,105,1,0,1,2,0-0,0,17,1,0,,1,2,RF,6 b29 f3 b3 f3 b3 b3 b3 f2d@,,,6b29f3b3f3b3b3b3f2d@,,0,,6b29f3b3f3b3b3b3f2d@,,1,,1,0,6,,b29f3b3f3b3b3b3f2d@,False,False,False,False,True,False,b29f3b3f3b3b3b3f2d,b29f3b3f3b3b3b3f2,bfbfbbbf,8,2,0,0-15,0,1,2,0,1,0,,,8
4553,20150908,US_Open,Roger_Federer,John_Isner,111,1,0,1,2,40-40,0,17,1,0,,1,2,RF,5 b27 f2 b2 f1w#,,,5b27f2b2f1w#,,0,,5b27f2b2f1w#,,1,,1,0,5,,b27f2b2f1w#,False,False,False,True,False,False,b27f2b2f1w,b27f2b2f1,bfbf,4,2,0,40-AD,0,1,2,0,1,0,,,4
4570,20150908,US_Open,Roger_Federer,John_Isner,128,1,0,3,3,0-0,0,20,1,0,,2,1,JI,5 b29 f#,,,5b29f#,,0,,5b29f#,,1,,1,0,5,,b29f#,False,False,False,True,False,False,b29f,b29f,bf,2,1,0,0-15,0,3,3,0,1,0,,,2
4582,20150908,US_Open,Roger_Federer,John_Isner,140,1,0,3,4,40-40,0,21,1,0,,1,2,RF,6 b38 f1 f1 r3 z3*,,,6b38f1f1r3z3*,,0,,6b38f1f1r3z3*,,1,,1,0,6,,b38f1f1r3z3*,False,False,True,False,False,False,b38f1f1r3z3,b38f1f1r3z3,bffrz,5,2,0,40-AD,0,3,4,0,1,0,,,6
4595,20150908,US_Open,Roger_Federer,John_Isner,153,1,0,5,5,0-0,0,24,1,0,,2,1,JI,6 b27 b2 f1 f3 s3 b3 b3 b1 f3 b2 b3 b2n@,,,6b27b2f1f3s3b3b3b1f3b2b3b2n@,,0,,6b27b2f1f3s3b3b3b1f3b2b3b2n@,,1,,1,0,6,,b27b2f1f3s3b3b3b1f3b2b3b2n@,False,False,False,False,True,False,b27b2f1f3s3b3b3b1f3b2b3b2n,b27b2f1f3s3b3b3b1f3b2b3b2,bbffsbbbfbbb,12,1,0,0-15,0,5,5,0,1,0,,,12
4603,20150908,US_Open,Roger_Federer,John_Isner,161,1,0,5,6,0-0,0,25,1,0,,1,2,RF,c4 f29 f3n#,,,4f29f3n#,,0,,4f29f3n#,,1,,1,0,4,,f29f3n#,False,False,False,True,False,False,f29f3n,f29f3,ff,2,2,0,0-15,0,5,6,0,1,0,,,2
4609,20150908,US_Open,Roger_Federer,John_Isner,181,2,0,0,0,0-0,0,27,1,0,,1,2,RF,6 b28 f+3 b1*,,,6b28f+3b1*,,0,,6b28f+3b1*,,1,,1,0,6,,b28f+3b1*,False,False,True,False,False,False,b28f3b1,b28f3b1,bfb,3,2,0,0-15,0,0,0,0,2,0,,,4
4614,20150908,US_Open,Roger_Federer,John_Isner,186,2,0,1,0,0-0,0,28,1,0,,2,1,JI,c4 f29 f1 f1 f+1 f3 z#,,,4f29f1f1f+1f3z#,,0,,4f29f1f1f+1f3z#,,1,,1,0,4,,f29f1f1f+1f3z#,False,False,False,True,False,False,f29f1f1f1f3z,f29f1f1f1f3z,fffffz,6,1,0,0-15,0,1,0,0,2,0,,,6
4622,20150908,US_Open,Roger_Federer,John_Isner,194,2,0,1,1,30-0,0,29,1,0,,1,2,RF,4 f18*,,,4f18*,,0,,4f18*,,1,,1,0,4,,f18*,False,False,True,False,False,False,f18,f18,f,1,2,0,30-15,0,1,1,0,2,0,,,2
4646,20150908,US_Open,Roger_Federer,John_Isner,218,2,0,4,3,0-0,0,34,1,0,,2,1,JI,5 b28 f3 s3 f2d@,,,5b28f3s3f2d@,,0,,5b28f3s3f2d@,,1,,1,0,5,,b28f3s3f2d@,False,False,False,False,True,False,b28f3s3f2d,b28f3s3f2,bfsf,4,1,0,0-15,0,4,3,0,2,0,,,4
4658,20150908,US_Open,Roger_Federer,John_Isner,230,2,0,5,4,0-0,0,36,1,0,,2,1,JI,5 s37 s3 b2 b3 f2 f1d@,,,5s37s3b2b3f2f1d@,,0,,5s37s3b2b3f2f1d@,,1,,1,0,5,,s37s3b2b3f2f1d@,False,False,False,False,True,False,s37s3b2b3f2f1d,s37s3b2b3f2f1,ssbbff,6,1,0,0-15,0,5,4,0,2,0,,,6
4668,20150908,US_Open,Roger_Federer,John_Isner,240,2,0,6,5,0-0,0,38,1,0,,2,1,JI,5 f18 f3n@,,,5f18f3n@,,0,,5f18f3n@,,1,,1,0,5,,f18f3n@,False,False,False,False,True,False,f18f3n,f18f3,ff,2,1,0,0-15,0,6,5,0,2,0,,,2
4670,20150908,US_Open,Roger_Federer,John_Isner,242,2,0,6,5,0-30,0,38,1,0,,2,1,JI,4 r38 b3 b2 f1 f2 b3 b1*,,,4r38b3b2f1f2b3b1*,,0,,4r38b3b2f1f2b3b1*,,1,,1,0,4,,r38b3b2f1f2b3b1*,False,False,True,False,False,False,r38b3b2f1f2b3b1,r38b3b2f1f2b3b1,rbbffbb,7,1,0,0-40,0,6,5,0,2,0,,,8
4678,20150905,US_Open,Roger_Federer,Philipp_Kohlschreiber,6,0,0,1,0,0-0,0,2,1,0,,2,1,PK,4 f28 f#,,,4f28f#,,0,,4f28f#,,1,,1,0,4,,f28f#,False,False,False,True,False,False,f28f,f28f,ff,2,1,0,0-15,0,1,0,0,0,0,,,2
4698,20150905,US_Open,Roger_Federer,Philipp_Kohlschreiber,26,0,0,3,1,30-30,0,5,1,0,,1,2,RF,4 f29 f2 f+1 r3w#,,,4f29f2f+1r3w#,,0,,4f29f2f+1r3w#,,1,,1,0,4,,f29f2f+1r3w#,False,False,False,True,False,False,f29f2f1r3w,f29f2f1r3,fffr,4,2,0,30-40,0,3,1,0,0,0,,,4
4700,20150905,US_Open,Roger_Federer,Philipp_Kohlschreiber,28,0,0,3,1,40-40,0,5,1,0,,1,2,RF,6 s38 b3 b3 b2 f2 s3 f3 b3 b1 f1 f1 f2 b2 b2 f3 s3u3 s3 m3 b#,,,6s38b3b3b2f2s3f3b3b1f1f1f2b2b2f3s3u3s3m3b#,,0,,6s38b3b3b2f2s3f3b3b1f1f1f2b2b2f3s3u3s3m3b#,,1,,1,0,6,,s38b3b3b2f2s3f3b3b1f1f1f2b2b2f3s3u3s3m3b#,False,False,False,True,False,False,s38b3b3b2f2s3f3b3b1f1f1f2b2b2f3s3u3s3m3b,s38b3b3b2f2s3f3b3b1f1f1f2b2b2f3s3u3s3m3b,sbbbfsfbbfffbbfsusmb,20,2,0,40-AD,0,3,1,0,0,0,,,20
4728,20150905,US_Open,Roger_Federer,Philipp_Kohlschreiber,56,1,0,0,1,0-0,0,11,1,0,,1,2,RF,4 f18 f2 f-2*,,,4f18f2f-2*,,0,,4f18f2f-2*,,1,,1,0,4,,f18f2f-2*,False,False,True,False,False,False,f18f2f2,f18f2f2,fff,3,2,0,0-15,0,0,1,0,1,0,,,4
4737,20150905,US_Open,Roger_Federer,Philipp_Kohlschreiber,65,1,0,1,1,30-30,0,12,1,0,,2,1,PK,5 b27 s+3n@,,,5b27s+3n@,,0,,5b27s+3n@,,1,,1,0,5,,b27s+3n@,False,False,False,False,True,False,b27s3n,b27s3,bs,2,1,0,30-40,0,1,1,0,1,0,,,2
4741,20150905,US_Open,Roger_Federer,Philipp_Kohlschreiber,69,1,0,1,1,40-40,0,12,1,0,,2,1,PK,6 b27 f+1 f3*,,,6b27f+1f3*,,0,,6b27f+1f3*,,1,,1,0,6,,b27f+1f3*,False,False,True,False,False,False,b27f1f3,b27f1f3,bff,3,1,0,40-AD,0,1,1,0,1,0,,,4
4743,20150905,US_Open,Roger_Federer,Philipp_Kohlschreiber,71,1,0,2,1,0-0,0,13,1,0,,1,2,RF,5+ b28 v1 f3*,,,5+b28v1f3*,,1,,5b28v1f3*,,1,,1,0,5,,b28v1f3*,False,False,True,False,False,False,b28v1f3,b28v1f3,bvf,3,2,0,0-15,0,2,1,0,1,0,,,4
4749,20150905,US_Open,Roger_Federer,Philipp_Kohlschreiber,77,1,0,2,2,15-15,0,14,1,0,,2,1,PK,6 b29 f1 f1 f1w@,,,6b29f1f1f1w@,,0,,6b29f1f1f1w@,,1,,1,0,6,,b29f1f1f1w@,False,False,False,False,True,False,b29f1f1f1w,b29f1f1f1,bfff,4,1,0,15-30,0,2,2,0,1,0,,,4
4751,20150905,US_Open,Roger_Federer,Philipp_Kohlschreiber,79,1,0,2,2,30-30,0,14,1,0,,2,1,PK,4 f18 f3 s3 b2 f2 f3 b1 f1d#,,,4f18f3s3b2f2f3b1f1d#,,0,,4f18f3s3b2f2f3b1f1d#,,1,,1,0,4,,f18f3s3b2f2f3b1f1d#,False,False,False,True,False,False,f18f3s3b2f2f3b1f1d,f18f3s3b2f2f3b1f1,ffsbffbf,8,1,0,30-40,0,2,2,0,1,0,,,8
4773,20150905,US_Open,Roger_Federer,Philipp_Kohlschreiber,101,1,0,5,4,0-0,0,19,1,0,,1,2,RF,5 b19*,,,5b19*,,0,,5b19*,,1,,1,0,5,,b19*,False,False,True,False,False,False,b19,b19,b,1,2,0,0-15,0,5,4,0,1,0,,,2
4783,20150905,US_Open,Roger_Federer,Philipp_Kohlschreiber,111,2,0,0,1,0-0,0,21,1,0,,1,2,RF,6+ b18*,,,6+b18*,,1,,6b18*,,1,,1,0,6,,b18*,False,False,True,False,False,False,b18,b18,b,1,2,0,0-15,0,0,1,0,2,0,,,2
4785,20150905,US_Open,Roger_Federer,Philipp_Kohlschreiber,113,2,0,0,1,0-30,0,21,1,0,,1,2,RF,c6 b28 f+3 b2 v2 f1 v2d#,,,6b28f+3b2v2f1v2d#,,0,,6b28f+3b2v2f1v2d#,,1,,1,0,6,,b28f+3b2v2f1v2d#,False,False,False,True,False,False,b28f3b2v2f1v2d,b28f3b2v2f1v2,bfbvfv,6,2,0,0-40,0,0,1,0,2,0,,,6
4787,20150905,US_Open,Roger_Federer,Philipp_Kohlschreiber,115,2,0,0,2,0-0,0,22,1,0,,2,1,PK,6 b28 f2 b2 f3 b+3 s2 v1*,,,6b28f2b2f3b+3s2v1*,,0,,6b28f2b2f3b+3s2v1*,,1,,1,0,6,,b28f2b2f3b+3s2v1*,False,False,True,False,False,False,b28f2b2f3b3s2v1,b28f2b2f3b3s2v1,bfbfbsv,7,1,0,0-15,0,0,2,0,2,0,,,8
4793,20150905,US_Open,Roger_Federer,Philipp_Kohlschreiber,121,2,0,1,2,15-15,0,23,1,0,,1,2,RF,4 f39 s2 b1*,,,4f39s2b1*,,0,,4f39s2b1*,,1,,1,0,4,,f39s2b1*,False,False,True,False,False,False,f39s2b1,f39s2b1,fsb,3,2,0,15-30,0,1,2,0,2,0,,,4
4819,20150905,US_Open,Roger_Federer,Philipp_Kohlschreiber,147,2,0,4,4,30-0,0,28,1,0,,2,1,PK,5 b39 s3 z1 f1#,,,5b39s3z1f1#,,0,,5b39s3z1f1#,,1,,1,0,5,,b39s3z1f1#,False,False,False,True,False,False,b39s3z1f1,b39s3z1f1,bszf,4,1,0,30-15,0,4,4,0,2,0,,,4
4828,20150901,US_Open,Roger_Federer,Leonardo_Mayer,1,0,0,0,0,0-0,0,1,1,0,,1,2,RF,4 f27 b2 b3 b1n@,,,4f27b2b3b1n@,,0,,4f27b2b3b1n@,,1,,1,0,4,,f27b2b3b1n@,False,False,False,False,True,False,f27b2b3b1n,f27b2b3b1,fbbb,4,2,0,0-15,0,0,0,0,0,0,,,4
4884,20150901,US_Open,Roger_Federer,Leonardo_Mayer,57,1,0,1,1,15-15,0,10,1,0,,2,1,LM,4 f28 f3n@,,,4f28f3n@,,0,,4f28f3n@,,1,,1,0,4,,f28f3n@,False,False,False,False,True,False,f28f3n,f28f3,ff,2,1,0,15-30,0,1,1,0,1,0,,,2
4898,20150901,US_Open,Roger_Federer,Leonardo_Mayer,71,1,0,2,2,30-30,0,12,1,0,,2,1,LM,4 f28 b;2 f2 f1 f1 f2 b1 f1 f1 f3 s3*,,,4f28b;2f2f1f1f2b1f1f1f3s3*,,0,,4f28b;2f2f1f1f2b1f1f1f3s3*,,1,,1,0,4,,f28b;2f2f1f1f2b1f1f1f3s3*,False,False,True,False,False,False,f28b2f2f1f1f2b1f1f1f3s3,f28b2f2f1f1f2b1f1f1f3s3,fbffffbfffs,11,1,0,30-40,0,2,2,0,1,0,,,12
