,match_id,Tournament,P1,P2,Pt,Set1,Set2,Gm1,Gm2,Pts,SrvDceSide,Gm#,TbSet,TB?,TBpt,Svr,Ret,Serving,1st,2nd,Notes,1stNoLet,2ndNoLet,1stSV,2ndSV,1stNoSV,2ndNoSV,1stIn,2ndIn,isRally1st,isRally2nd,Sv1,Sv2,Rally,isAce,isUnret,isRallyWinner,isForced,isUnforced,isDouble,rallyNoSpec,rallyNoError,rallyNoDirection,rallyLen,PtWinner,isSvrWinner,PtsAfter,GmW,Gm1.1,Gm2.1,SetW,Set1.1,Set2.1,RevTB,TBrev,rallyCount
8,20180318,Indian_Wells_Masters,Roger_Federer,Juan_Martin_Del_Potro,9,0,0,1,0,0-30,0,2,1,0,,2,1,JMD,c5 b17 f+3 b2 z3 b1 v3 b1n#,,,5b17f+3b2z3b1v3b1n#,,0,,5b17f+3b2z3b1v3b1n#,,1,,1,0,5,,b17f+3b2z3b1v3b1n#,False,False,False,True,False,False,b17f3b2z3b1v3b1n,b17f3b2z3b1v3b1,bfbzbvb,7,2,1,15-30,0,1,0,0,0,0,,,7
33,20180318,Indian_Wells_Masters,Roger_Federer,Juan_Martin_Del_Potro,34,0,0,2,3,40-40,0,6,1,0,,2,1,JMD,6 s27 f1*,,,6s27f1*,,0,,6s27f1*,,1,,1,0,6,,s27f1*,False,False,True,False,False,False,s27f1,s27f1,sf,2,2,1,AD-40,0,2,3,0,0,0,,,3
41,20180318,Indian_Wells_Masters,Roger_Federer,Juan_Martin_Del_Potro,42,0,0,2,4,40-40,0,7,1,0,,1,2,RF,4 f18 f2 s2 b2 f1 f3 s2 f1 f2 f+3*,,,4f18f2s2b2f1f3s2f1f2f+3*,,0,,4f18f2s2b2f1f3s2f1f2f+3*,,1,,1,0,4,,f18f2s2b2f1f3s2f1f2f+3*,False,False,True,False,False,False,f18f2s2b2f1f3s2f1f2f3,f18f2s2b2f1f3s2f1f2f3,ffsbffsfff,10,1,1,AD-40,0,2,4,0,0,0,,,11
47,20180318,Indian_Wells_Masters,Roger_Federer,Juan_Martin_Del_Potro,48,0,0,3,5,0-0,0,9,1,0,,1,2,RF,4 f18 f2 s2 f+3 m2d#,,,4f18f2s2f+3m2d#,,0,,4f18f2s2f+3m2d#,,1,,1,0,4,,f18f2s2f+3m2d#,False,False,False,True,False,False,f18f2s2f3m2d,f18f2s2f3m2,ffsfm,5,1,1,15-0,0,3,5,0,0,0,,,5
51,20180318,Indian_Wells_Masters,Roger_Federer,Juan_Martin_Del_Potro,52,0,0,4,5,0-0,0,10,1,0,,2,1,JMD,6 b28 f2 f2 f1 f2d#,,,6b28f2f2f1f2d#,,0,,6b28f2f2f1f2d#,,1,,1,0,6,,b28f2f2f1f2d#,False,False,False,True,False,False,b28f2f2f1f2d,b28f2f2f1f2,bffff,5,2,1,15-0,0,4,5,0,0,0,,,5
57,20180318,Indian_Wells_Masters,Roger_Federer,Juan_Martin_Del_Potro,58,0,1,0,0,0-30,0,11,1,0,,1,2,RF,4 f17 r3*,,,4f17r3*,,0,,4f17r3*,,1,,1,0,4,,f17r3*,False,False,True,False,False,False,f17r3,f17r3,fr,2,1,1,15-30,0,0,0,0,0,1,,,3
61,20180318,Indian_Wells_Masters,Roger_Federer,Juan_Martin_Del_Potro,62,0,1,0,0,40-40,0,11,1,0,,1,2,RF,5 b29 f1 f2 f1*,,,5b29f1f2f1*,,0,,5b29f1f2f1*,,1,,1,0,5,,b29f1f2f1*,False,False,True,False,False,False,b29f1f2f1,b29f1f2f1,bfff,4,1,1,AD-40,0,0,0,0,0,1,,,5
65,20180318,Indian_Wells_Masters,Roger_Federer,Juan_Martin_Del_Potro,66,0,1,1,0,15-15,0,12,1,0,,2,1,JMD,5 s28 f1 f3w#,,,5s28f1f3w#,,0,,5s28f1f3w#,,1,,1,0,5,,s28f1f3w#,False,False,False,True,False,False,s28f1f3w,s28f1f3,sff,3,2,1,30-15,0,1,0,0,0,1,,,3
88,20180318,Indian_Wells_Masters,Roger_Federer,Juan_Martin_Del_Potro,89,0,1,3,2,30-30,0,16,1,0,,2,1,JMD,5 b29 f3 b1 f1 f2 b3 b3 s1 f1 f3y3 s3 b2 z1*,,,5b29f3b1f1f2b3b3s1f1f3y3s3b2z1*,,0,,5b29f3b1f1f2b3b3s1f1f3y3s3b2z1*,,1,,1,0,5,,b29f3b1f1f2b3b3s1f1f3y3s3b2z1*,False,False,True,False,False,False,b29f3b1f1f2b3b3s1f1f3y3s3b2z1,b29f3b1f1f2b3b3s1f1f3y3s3b2z1,bfbffbbsffysbz,14,2,1,40-30,0,3,2,0,0,1,,,15
90,20180318,Indian_Wells_Masters,Roger_Federer,Juan_Martin_Del_Potro,91,0,1,3,3,0-0,0,17,1,0,,1,2,RF,6 s28 f2 f2 f+3 s2 v3 s1w#,,,6s28f2f2f+3s2v3s1w#,,0,,6s28f2f2f+3s2v3s1w#,,1,,1,0,6,,s28f2f2f+3s2v3s1w#,False,False,False,True,False,False,s28f2f2f3s2v3s1w,s28f2f2f3s2v3s1,sfffsvs,7,1,1,15-0,0,3,3,0,0,1,,,7
103,20180318,Indian_Wells_Masters,Roger_Federer,Juan_Martin_Del_Potro,104,0,1,4,4,15-15,0,19,1,0,,1,2,RF,4 f28 f1 f1 f1 f1n@,,,4f28f1f1f1f1n@,,0,,4f28f1f1f1f1n@,,1,,1,0,4,,f28f1f1f1f1n@,False,False,False,False,True,False,f28f1f1f1f1n,f28f1f1f1f1,fffff,5,1,1,30-15,0,4,4,0,0,1,,,5
115,20180318,Indian_Wells_Masters,Roger_Federer,Juan_Martin_Del_Potro,116,0,1,5,4,40-40,0,20,1,0,,2,1,JMD,4 f28 f+3 s2 z1*,,,4f28f+3s2z1*,,0,,4f28f+3s2z1*,,1,,1,0,4,,f28f+3s2z1*,False,False,True,False,False,False,f28f3s2z1,f28f3s2z1,ffsz,4,2,1,AD-40,0,5,4,0,0,1,,,5
117,20180318,Indian_Wells_Masters,Roger_Federer,Juan_Martin_Del_Potro,118,0,1,5,5,0-0,0,21,1,0,,1,2,RF,4 f28y3 s1 f1*,,,4f28y3s1f1*,,0,,4f28y3s1f1*,,1,,1,0,4,,f28y3s1f1*,False,False,True,False,False,False,f28y3s1f1,f28y3s1f1,fysf,4,1,1,15-0,0,5,5,0,0,1,,,5
121,20180318,Indian_Wells_Masters,Roger_Federer,Juan_Martin_Del_Potro,122,0,1,5,5,30-30,0,21,1,0,,1,2,RF,4+ s27 z3*,,,4+s27z3*,,1,,4s27z3*,,1,,1,0,4,,s27z3*,False,False,True,False,False,False,s27z3,s27z3,sz,2,1,1,40-30,0,5,5,0,0,1,,,3
123,20180318,Indian_Wells_Masters,Roger_Federer,Juan_Martin_Del_Potro,124,0,1,6,5,0-0,0,22,1,0,,2,1,JMD,4 f;17 f+2 b1 v1*,,Failed Federer challenge,4f;17f+2b1v1*,,0,,4f;17f+2b1v1*,,1,,1,0,4,,f;17f+2b1v1*,False,False,True,False,False,False,f17f2b1v1,f17f2b1v1,ffbv,4,2,1,15-0,0,6,5,0,0,1,,,5
125,20180318,Indian_Wells_Masters,Roger_Federer,Juan_Martin_Del_Potro,126,0,1,6,5,30-0,0,22,1,0,,2,1,JMD,c6 s28 f1*,,,6s28f1*,,0,,6s28f1*,,1,,1,0,6,,s28f1*,False,False,True,False,False,False,s28f1,s28f1,sf,2,2,1,40-0,0,6,5,0,0,1,,,3
133,20180318,Indian_Wells_Masters,Roger_Federer,Juan_Martin_Del_Potro,152,1,1,0,0,40-40,0,24,1,0,,2,1,JMD,6 s37 s+3 b1n@,,,6s37s+3b1n@,,0,,6s37s+3b1n@,,1,,1,0,6,,s37s+3b1n@,False,False,False,False,True,False,s37s3b1n,s37s3b1,ssb,3,2,1,AD-40,0,0,0,0,1,1,,,3
139,20180318,Indian_Wells_Masters,Roger_Federer,Juan_Martin_Del_Potro,158,1,1,0,1,15-15,0,25,1,0,,1,2,RF,4 f27 f1 f1n@,,,4f27f1f1n@,,0,,4f27f1f1n@,,1,,1,0,4,,f27f1f1n@,False,False,False,False,True,False,f27f1f1n,f27f1f1,fff,3,1,1,30-15,0,0,1,0,1,1,,,3
141,20180318,Indian_Wells_Masters,Roger_Federer,Juan_Martin_Del_Potro,160,1,1,0,1,30-30,0,25,1,0,,1,2,RF,6 s28u+3*,,,6s28u+3*,,0,,6s28u+3*,,1,,1,0,6,,s28u+3*,False,False,True,False,False,False,s28u3,s28u3,su,2,1,1,40-30,0,0,1,0,1,1,,,3
158,20180318,Indian_Wells_Masters,Roger_Federer,Juan_Martin_Del_Potro,177,1,1,2,2,30-30,0,28,1,0,,2,1,JMD,4 f28 s3 f1n@,,,4f28s3f1n@,,0,,4f28s3f1n@,,1,,1,0,4,,f28s3f1n@,False,False,False,False,True,False,f28s3f1n,f28s3f1,fsf,3,2,1,40-30,0,2,2,0,1,1,,,3
160,20180318,Indian_Wells_Masters,Roger_Federer,Juan_Martin_Del_Potro,179,1,1,2,3,0-0,0,29,1,0,,1,2,RF,5 b28 f+3 b2 z1 f3 z2*,,,5b28f+3b2z1f3z2*,,0,,5b28f+3b2z1f3z2*,,1,,1,0,5,,b28f+3b2z1f3z2*,False,False,True,False,False,False,b28f3b2z1f3z2,b28f3b2z1f3z2,bfbzfz,6,1,1,15-0,0,2,3,0,1,1,,,7
165,20180318,Indian_Wells_Masters,Roger_Federer,Juan_Martin_Del_Potro,184,1,1,3,3,0-0,0,30,1,0,,2,1,JMD,4 f28 f+3 b3n#,,,4f28f+3b3n#,,0,,4f28f+3b3n#,,1,,1,0,4,,f28f+3b3n#,False,False,False,True,False,False,f28f3b3n,f28f3b3,ffb,3,2,1,15-0,0,3,3,0,1,1,,,3
169,20180318,Indian_Wells_Masters,Roger_Federer,Juan_Martin_Del_Potro,188,1,1,3,4,0-0,0,31,1,0,,1,2,RF,4 f28 f3 b2 f2 f3 b1*,,,4f28f3b2f2f3b1*,,0,,4f28f3b2f2f3b1*,,1,,1,0,4,,f28f3b2f2f3b1*,False,False,True,False,False,False,f28f3b2f2f3b1,f28f3b2f2f3b1,ffbffb,6,1,1,15-0,0,3,4,0,1,1,,,7
174,20180318,Indian_Wells_Masters,Roger_Federer,Juan_Martin_Del_Potro,193,1,1,4,4,0-0,0,32,1,0,,2,1,JMD,5 s28 f;1 f2 f1 f1 f3*,,,5s28f;1f2f1f1f3*,,0,,5s28f;1f2f1f1f3*,,1,,1,0,5,,s28f;1f2f1f1f3*,False,False,True,False,False,False,s28f1f2f1f1f3,s28f1f2f1f1f3,sfffff,6,2,1,15-0,0,4,4,0,1,1,,,7
210,20180215,Rotterdam,Roger_Federer,Philipp_Kohlschreiber,8,0,0,1,0,0-30,0,2,1,0,,2,1,PK,6 s3 b3 b2 f1 f3d#,,,6s3b3b2f1f3d#,,0,,6s3b3b2f1f3d#,,1,,1,0,6,,s3b3b2f1f3d#,False,False,False,True,False,False,s3b3b2f1f3d,s3b3b2f1f3,sbbff,5,2,1,15-30,0,1,0,0,0,0,,,5
214,20180215,Rotterdam,Roger_Federer,Philipp_Kohlschreiber,12,0,0,1,0,40-40,0,2,1,0,,2,1,PK,6 s1 f1*,,,6s1f1*,,0,,6s1f1*,,1,,1,0,6,,s1f1*,False,False,True,False,False,False,s1f1,s1f1,sf,2,2,1,AD-40,0,1,0,0,0,0,,,3
218,20180215,Rotterdam,Roger_Federer,Philipp_Kohlschreiber,16,0,0,1,1,30-0,0,3,1,0,,1,2,RF,5 f2 f2 s2d@,,,5f2f2s2d@,,0,,5f2f2s2d@,,1,,1,0,5,,f2f2s2d@,False,False,False,False,True,False,f2f2s2d,f2f2s2,ffs,3,1,1,40-0,0,1,1,0,0,0,,,3
234,20180215,Rotterdam,Roger_Federer,Philipp_Kohlschreiber,32,0,0,3,2,15-15,0,6,1,0,,2,1,PK,6 s2 f1 f3 b3 s3 f3 b3w#,,,6s2f1f3b3s3f3b3w#,,0,,6s2f1f3b3s3f3b3w#,,1,,1,0,6,,s2f1f3b3s3f3b3w#,False,False,False,True,False,False,s2f1f3b3s3f3b3w,s2f1f3b3s3f3b3,sffbsfb,7,2,1,30-15,0,3,2,0,0,0,,,7
237,20180215,Rotterdam,Roger_Federer,Philipp_Kohlschreiber,35,0,0,3,3,0-0,0,7,1,0,,1,2,RF,5+ b2 z3*,,,5+b2z3*,,1,,5b2z3*,,1,,1,0,5,,b2z3*,False,False,True,False,False,False,b2z3,b2z3,bz,2,1,1,15-0,0,3,3,0,0,0,,,3
254,20180215,Rotterdam,Roger_Federer,Philipp_Kohlschreiber,52,0,0,5,4,15-15,0,10,1,0,,2,1,PK,4 f2 f3*,,,4f2f3*,,0,,4f2f3*,,1,,1,0,4,,f2f3*,False,False,True,False,False,False,f2f3,f2f3,ff,2,2,1,30-15,0,5,4,0,0,0,,,3
267,20180215,Rotterdam,Roger_Federer,Philipp_Kohlschreiber,65,0,0,6,5,40-40,0,12,1,0,,2,1,PK,6 s2 f1 f3w#,,,6s2f1f3w#,,0,,6s2f1f3w#,,1,,1,0,6,,s2f1f3w#,False,False,False,True,False,False,s2f1f3w,s2f1f3,sff,3,2,1,AD-40,0,6,5,0,0,0,,,3
289,20180215,Rotterdam,Roger_Federer,Philipp_Kohlschreiber,105,1,0,1,1,40-40,0,16,1,0,,2,1,PK,6 s2 f1 f2 f1 r3n#,,,6s2f1f2f1r3n#,,0,,6s2f1f2f1r3n#,,1,,1,0,6,,s2f1f2f1r3n#,False,False,False,True,False,False,s2f1f2f1r3n,s2f1f2f1r3,sfffr,5,2,1,AD-40,0,1,1,0,1,0,,,5
291,20180215,Rotterdam,Roger_Federer,Philipp_Kohlschreiber,107,1,0,1,1,40-40,0,16,1,0,,2,1,PK,4 f2 f3*,,,4f2f3*,,0,,4f2f3*,,1,,1,0,4,,f2f3*,False,False,True,False,False,False,f2f3,f2f3,ff,2,2,1,AD-40,0,1,1,0,1,0,,,3
293,20180215,Rotterdam,Roger_Federer,Philipp_Kohlschreiber,109,1,0,1,2,0-0,0,17,1,0,,1,2,RF,4+ f2 v3*,,,4+f2v3*,,1,,4f2v3*,,1,,1,0,4,,f2v3*,False,False,True,False,False,False,f2v3,f2v3,fv,2,1,1,15-0,0,1,2,0,1,0,,,3
295,20180215,Rotterdam,Roger_Federer,Philipp_Kohlschreiber,111,1,0,1,2,30-0,0,17,1,0,,1,2,RF,6 b1 f3*,,,6b1f3*,,0,,6b1f3*,,1,,1,0,6,,b1f3*,False,False,True,False,False,False,b1f3,b1f3,bf,2,1,1,40-0,0,1,2,0,1,0,,,3
302,20180215,Rotterdam,Roger_Federer,Philipp_Kohlschreiber,118,1,0,2,3,0-0,0,19,1,0,,1,2,RF,4+ f2 z3*,,,4+f2z3*,,1,,4f2z3*,,1,,1,0,4,,f2z3*,False,False,True,False,False,False,f2z3,f2z3,fz,2,1,1,15-0,0,2,3,0,1,0,,,3
314,20180215,Rotterdam,Roger_Federer,Philipp_Kohlschreiber,130,1,0,3,4,15-15,0,21,1,0,,1,2,RF,4+ f2 h1 h1u-3 b1w#,,,4+f2h1h1u-3b1w#,,1,,4f2h1h1u-3b1w#,,1,,1,0,4,,f2h1h1u-3b1w#,False,False,False,True,False,False,f2h1h1u3b1w,f2h1h1u3b1,fhhub,5,1,1,30-15,0,3,4,0,1,0,,,5
320,20180215,Rotterdam,Roger_Federer,Philipp_Kohlschreiber,136,1,0,4,4,15-15,0,22,1,0,,2,1,PK,4 f2 f3*,,,4f2f3*,,0,,4f2f3*,,1,,1,0,4,,f2f3*,False,False,True,False,False,False,f2f3,f2f3,ff,2,2,1,30-15,0,4,4,0,1,0,,,3
339,20180215,Rotterdam,Roger_Federer,Philipp_Kohlschreiber,155,1,0,6,5,0-0,0,25,1,0,,1,2,RF,6 s3 f1 f1x#,,,6s3f1f1x#,,0,,6s3f1f1x#,,1,,1,0,6,,s3f1f1x#,False,False,False,True,False,False,s3f1f1x,s3f1f1,sff,3,1,1,15-0,0,6,5,0,1,0,,,3
341,20180215,Rotterdam,Roger_Federer,Philipp_Kohlschreiber,157,1,0,6,5,30-0,0,25,1,0,,1,2,RF,6 b2 v3 s3 z1*,,,6b2v3s3z1*,,0,,6b2v3s3z1*,,1,,1,0,6,,b2v3s3z1*,False,False,True,False,False,False,b2v3s3z1,b2v3s3z1,bvsz,4,1,1,40-0,0,6,5,0,1,0,,,5
360,20180122,Australian_Open,Roger_Federer,Marton_Fucsovics,17,0,0,1,1,30-30,0,3,1,0,,1,2,RF,4 r38 b3 s3w#,,,4r38b3s3w#,,0,,4r38b3s3w#,,1,,1,0,4,,r38b3s3w#,False,False,False,True,False,False,r38b3s3w,r38b3s3,rbs,3,1,1,40-30,0,1,1,0,0,0,,,3
377,20180122,Australian_Open,Roger_Federer,Marton_Fucsovics,34,0,0,3,2,40-40,0,6,1,0,,2,1,MF,4 f29 b;2*,,A dead net cord winner.,4f29b;2*,,0,,4f29b;2*,,1,,1,0,4,,f29b;2*,False,False,True,False,False,False,f29b2,f29b2,fb,2,2,1,AD-40,0,3,2,0,0,0,,,3
405,20180122,Australian_Open,Roger_Federer,Marton_Fucsovics,62,1,0,0,0,0-0,0,11,1,0,,1,2,RF,6 s28 j+2*,,,6s28j+2*,,0,,6s28j+2*,,1,,1,0,6,,s28j+2*,False,False,True,False,False,False,s28j2,s28j2,sj,2,1,1,15-0,0,0,0,0,1,0,,,3
411,20180122,Australian_Open,Roger_Federer,Marton_Fucsovics,68,1,0,1,0,15-15,0,12,1,0,,2,1,MF,5 s37y+1 f-3w@,,,5s37y+1f-3w@,,0,,5s37y+1f-3w@,,1,,1,0,5,,s37y+1f-3w@,False,False,False,False,True,False,s37y1f3w,s37y1f3,syf,3,2,1,30-15,0,1,0,0,1,0,,,3
430,20180122,Australian_Open,Roger_Federer,Marton_Fucsovics,87,1,0,2,2,30-0,0,15,1,0,,1,2,RF,4 f29 f3 s2 f1 f3 i=3 s2 z+3 b3w@,,,4f29f3s2f1f3i=3s2z+3b3w@,,0,,4f29f3s2f1f3i=3s2z+3b3w@,,1,,1,0,4,,f29f3s2f1f3i=3s2z+3b3w@,False,False,False,False,True,False,f29f3s2f1f3i3s2z3b3w,f29f3s2f1f3i3s2z3b3,ffsffiszb,9,1,1,40-0,0,2,2,0,1,0,,,9
446,20180122,Australian_Open,Roger_Federer,Marton_Fucsovics,103,1,0,4,3,30-30,0,18,1,0,,2,1,MF,6 b27 f+1 l2 o3 b2 f1 f1 f2 f3 s3 r+1 f1*,,Fed tried to show off with the fake dropper slice but Marcy didn't get it.,6b27f+1l2o3b2f1f1f2f3s3r+1f1*,,0,,6b27f+1l2o3b2f1f1f2f3s3r+1f1*,,1,,1,0,6,,b27f+1l2o3b2f1f1f2f3s3r+1f1*,False,False,True,False,False,False,b27f1l2o3b2f1f1f2f3s3r1f1,b27f1l2o3b2f1f1f2f3s3r1f1,bflobffffsrf,12,2,1,40-30,0,4,3,0,1,0,,,13
448,20180122,Australian_Open,Roger_Federer,Marton_Fucsovics,105,1,0,4,4,0-0,0,19,1,0,,1,2,RF,5 s28 f+1 f1 v3*,,,5s28f+1f1v3*,,0,,5s28f+1f1v3*,,1,,1,0,5,,s28f+1f1v3*,False,False,True,False,False,False,s28f1f1v3,s28f1f1v3,sffv,4,1,1,15-0,0,4,4,0,1,0,,,5
484,20180122,Australian_Open,Roger_Federer,Marton_Fucsovics,151,2,0,1,0,0-0,0,25,1,0,,1,2,RF,4 f29 f3 s3 f3 s3 f;2 s-1n@,,,4f29f3s3f3s3f;2s-1n@,,0,,4f29f3s3f3s3f;2s-1n@,,1,,1,0,4,,f29f3s3f3s3f;2s-1n@,False,False,False,False,True,False,f29f3s3f3s3f2s1n,f29f3s3f3s3f2s1,ffsfsfs,7,1,1,15-0,0,1,0,0,2,0,,,7
494,20180122,Australian_Open,Roger_Federer,Marton_Fucsovics,161,2,0,2,1,0-0,0,27,1,0,,1,2,RF,4 f27 b1 f1n#,,,4f27b1f1n#,,0,,4f27b1f1n#,,1,,1,0,4,,f27b1f1n#,False,False,False,True,False,False,f27b1f1n,f27b1f1,fbf,3,1,1,15-0,0,2,1,0,2,0,,,3
509,20180122,Australian_Open,Roger_Federer,Marton_Fucsovics,176,2,0,4,1,30-0,0,29,1,0,,1,2,RF,4+ f28 h1 r-1w#,,,4+f28h1r-1w#,,1,,4f28h1r-1w#,,1,,1,0,4,,f28h1r-1w#,False,False,False,True,False,False,f28h1r1w,f28h1r1,fhr,3,1,1,40-0,0,4,1,0,2,0,,,3
512,20180122,Australian_Open,Roger_Federer,Marton_Fucsovics,179,2,0,5,1,0-0,0,30,1,0,,2,1,MF,5 b28 f+3 s2n#,,,5b28f+3s2n#,,0,,5b28f+3s2n#,,1,,1,0,5,,b28f+3s2n#,False,False,False,True,False,False,b28f3s2n,b28f3s2,bfs,3,2,1,15-0,0,5,1,0,2,0,,,3
521,20180122,Australian_Open,Roger_Federer,Marton_Fucsovics,188,2,0,5,2,30-30,0,31,1,0,,1,2,RF,4 r28 f3*,,,4r28f3*,,0,,4r28f3*,,1,,1,0,4,,r28f3*,False,False,True,False,False,False,r28f3,r28f3,rf,2,1,1,40-30,0,5,2,0,2,0,,,3
523,20180120,Australian_Open,Roger_Federer,Richard_Gasquet,1,0,0,0,0,0-0,0,1,1,0,,1,2,RF,6 s27 f+3 m1 o=1 b2 f1 f1 v+2 b1 v1*,,A great point to start the match. The first volley was hit right behind the service line.,6s27f+3m1o=1b2f1f1v+2b1v1*,,0,,6s27f+3m1o=1b2f1f1v+2b1v1*,,1,,1,0,6,,s27f+3m1o=1b2f1f1v+2b1v1*,False,False,True,False,False,False,s27f3m1o1b2f1f1v2b1v1,s27f3m1o1b2f1f1v2b1v1,sfmobffvbv,10,1,1,15-0,0,0,0,0,0,0,,,11
527,20180120,Australian_Open,Roger_Federer,Richard_Gasquet,5,0,0,1,0,0-0,0,2,1,0,,2,1,RG,5 b28 b3 b1 f2 f+1n@,,,5b28b3b1f2f+1n@,,0,,5b28b3b1f2f+1n@,,1,,1,0,5,,b28b3b1f2f+1n@,False,False,False,False,True,False,b28b3b1f2f1n,b28b3b1f2f1,bbbff,5,2,1,15-0,0,1,0,0,0,0,,,5
529,20180120,Australian_Open,Roger_Federer,Richard_Gasquet,7,0,0,1,0,30-0,0,2,1,0,,2,1,RG,5 b27 b3 b3n@,,,5b27b3b3n@,,0,,5b27b3b3n@,,1,,1,0,5,,b27b3b3n@,False,False,False,False,True,False,b27b3b3n,b27b3b3,bbb,3,2,1,40-0,0,1,0,0,0,0,,,3
551,20180120,Australian_Open,Roger_Federer,Richard_Gasquet,29,0,0,3,1,30-30,0,5,1,0,,1,2,RF,5+ m38 p3*,,,5+m38p3*,,1,,5m38p3*,,1,,1,0,5,,m38p3*,False,False,True,False,False,False,m38p3,m38p3,mp,2,1,1,40-30,0,3,1,0,0,0,,,3
560,20180120,Australian_Open,Roger_Federer,Richard_Gasquet,38,0,0,4,2,15-15,0,7,1,0,,1,2,RF,4 f27 f+3 s1n#,,,4f27f+3s1n#,,0,,4f27f+3s1n#,,1,,1,0,4,,f27f+3s1n#,False,False,False,True,False,False,f27f3s1n,f27f3s1,ffs,3,1,1,30-15,0,4,2,0,0,0,,,3
575,20180120,Australian_Open,Roger_Federer,Richard_Gasquet,53,1,0,1,0,0-0,0,10,1,0,,2,1,RG,5 s29 b3 s;3 b3 b1 r2 f+3 b1*,,,5s29b3s;3b3b1r2f+3b1*,,0,,5s29b3s;3b3b1r2f+3b1*,,1,,1,0,5,,s29b3s;3b3b1r2f+3b1*,False,False,True,False,False,False,s29b3s3b3b1r2f3b1,s29b3s3b3b1r2f3b1,sbsbbrfb,8,2,1,15-0,0,1,0,0,1,0,,,9
584,20180120,Australian_Open,Roger_Federer,Richard_Gasquet,62,1,0,1,1,30-30,0,11,1,0,,1,2,RF,6 s28u+3*,,,6s28u+3*,,0,,6s28u+3*,,1,,1,0,6,,s28u+3*,False,False,True,False,False,False,s28u3,s28u3,su,2,1,1,40-30,0,1,1,0,1,0,,,3
586,20180120,Australian_Open,Roger_Federer,Richard_Gasquet,64,1,0,2,1,0-0,0,12,1,0,,2,1,RG,5 s28 b+3*,,,5s28b+3*,,0,,5s28b+3*,,1,,1,0,5,,s28b+3*,False,False,True,False,False,False,s28b3,s28b3,sb,2,2,1,15-0,0,2,1,0,1,0,,,3
601,20180120,Australian_Open,Roger_Federer,Richard_Gasquet,79,1,0,3,2,30-30,0,14,1,0,,2,1,RG,6 s27 f+3*,,,6s27f+3*,,0,,6s27f+3*,,1,,1,0,6,,s27f+3*,False,False,True,False,False,False,s27f3,s27f3,sf,2,2,1,40-30,0,3,2,0,1,0,,,3
605,20180120,Australian_Open,Roger_Federer,Richard_Gasquet,83,1,0,3,3,15-15,0,15,1,0,,1,2,RF,4 f28 f1*,,,4f28f1*,,0,,4f28f1*,,1,,1,0,4,,f28f1*,False,False,True,False,False,False,f28f1,f28f1,ff,2,1,1,30-15,0,3,3,0,1,0,,,3
609,20180120,Australian_Open,Roger_Federer,Richard_Gasquet,87,1,0,4,3,0-0,0,16,1,0,,2,1,RG,4 f19 f3 s1 f1*,,,4f19f3s1f1*,,0,,4f19f3s1f1*,,1,,1,0,4,,f19f3s1f1*,False,False,True,False,False,False,f19f3s1f1,f19f3s1f1,ffsf,4,2,1,15-0,0,4,3,0,1,0,,,5
611,20180120,Australian_Open,Roger_Federer,Richard_Gasquet,89,1,0,4,3,30-0,0,16,1,0,,2,1,RG,5 b28 f3 s3n#,,,5b28f3s3n#,,0,,5b28f3s3n#,,1,,1,0,5,,b28f3s3n#,False,False,False,True,False,False,b28f3s3n,b28f3s3,bfs,3,2,1,40-0,0,4,3,0,1,0,,,3
620,20180120,Australian_Open,Roger_Federer,Richard_Gasquet,98,1,0,5,4,0-0,0,18,1,0,,2,1,RG,4 f19 f3*,,,4f19f3*,,0,,4f19f3*,,1,,1,0,4,,f19f3*,False,False,True,False,False,False,f19f3,f19f3,ff,2,2,1,15-0,0,5,4,0,1,0,,,3
627,20180120,Australian_Open,Roger_Federer,Richard_Gasquet,105,1,0,5,5,30-0,0,19,1,0,,1,2,RF,4 f38 b3*,,"""Come on.""",4f38b3*,,0,,4f38b3*,,1,,1,0,4,,f38b3*,False,False,True,False,False,False,f38b3,f38b3,fb,2,1,1,40-0,0,5,5,0,1,0,,,3
662,20180120,Australian_Open,Roger_Federer,Richard_Gasquet,140,2,0,3,1,30-30,0,25,1,0,,1,2,RF,6+ s27 z1*,,,6+s27z1*,,1,,6s27z1*,,1,,1,0,6,,s27z1*,False,False,True,False,False,False,s27z1,s27z1,sz,2,1,1,40-30,0,3,1,0,2,0,,,3
664,20180120,Australian_Open,Roger_Federer,Richard_Gasquet,142,2,0,3,1,40-40,0,25,1,0,,1,2,RF,5+ f38 z1 f#,,,5+f38z1f#,,1,,5f38z1f#,,1,,1,0,5,,f38z1f#,False,False,False,True,False,False,f38z1f,f38z1f,fzf,3,1,1,AD-40,0,3,1,0,2,0,,,3
668,20180120,Australian_Open,Roger_Federer,Richard_Gasquet,146,2,0,4,1,15-15,0,26,1,0,,2,1,RG,c4 f29 b2*,,A powerful deep return is met with a reflexive semi-half-volley baseline-to-baseline backhand winner.,4f29b2*,,0,,4f29b2*,,1,,1,0,4,,f29b2*,False,False,True,False,False,False,f29b2,f29b2,fb,2,2,1,30-15,0,4,1,0,2,0,,,3
677,20180120,Australian_Open,Roger_Federer,Richard_Gasquet,155,2,0,4,2,40-40,0,27,1,0,,1,2,RF,6 s28 f+3 m3 o1*,,,6s28f+3m3o1*,,0,,6s28f+3m3o1*,,1,,1,0,6,,s28f+3m3o1*,False,False,True,False,False,False,s28f3m3o1,s28f3m3o1,sfmo,4,1,1,AD-40,0,4,2,0,2,0,,,5
693,20180120,Australian_Open,Roger_Federer,Richard_Gasquet,171,2,0,4,4,30-0,0,29,1,0,,1,2,RF,4 f18 f+3 m3 o=1 f3d#,,,4f18f+3m3o=1f3d#,,0,,4f18f+3m3o=1f3d#,,1,,1,0,4,,f18f+3m3o=1f3d#,False,False,False,True,False,False,f18f3m3o1f3d,f18f3m3o1f3,ffmof,5,1,1,40-0,0,4,4,0,2,0,,,5
699,20180120,Australian_Open,Roger_Federer,Richard_Gasquet,177,2,0,5,4,30-30,0,30,1,0,,2,1,RG,6 s27 b+3 b1n#,,,6s27b+3b1n#,,0,,6s27b+3b1n#,,1,,1,0,6,,s27b+3b1n#,False,False,False,True,False,False,s27b3b1n,s27b3b1,sbb,3,2,1,40-30,0,5,4,0,2,0,,,3
719,20180116,Australian_Open,Roger_Federer,Aljaz_Bedene,13,0,0,1,1,30-0,0,3,1,0,,1,2,RF,6 s;28 f+3 b1 v1*,,,6s;28f+3b1v1*,,0,,6s;28f+3b1v1*,,1,,1,0,6,,s;28f+3b1v1*,False,False,True,False,False,False,s28f3b1v1,s28f3b1v1,sfbv,4,1,1,40-0,0,1,1,0,0,0,,,5
742,20180116,Australian_Open,Roger_Federer,Aljaz_Bedene,36,0,0,4,2,15-15,0,7,1,0,,1,2,RF,6 s28 j+3*,,,6s28j+3*,,0,,6s28j+3*,,1,,1,0,6,,s28j+3*,False,False,True,False,False,False,s28j3,s28j3,sj,2,1,1,30-15,0,4,2,0,0,0,,,3
745,20180116,Australian_Open,Roger_Federer,Aljaz_Bedene,39,0,0,5,2,0-0,0,8,1,0,,2,1,AB,6 s28 f1 f1 f1 f3 b3 s3 s3 s3 s2 f3n@,,,6s28f1f1f1f3b3s3s3s3s2f3n@,,0,,6s28f1f1f1f3b3s3s3s3s2f3n@,,1,,1,0,6,,s28f1f1f1f3b3s3s3s3s2f3n@,False,False,False,False,True,False,s28f1f1f1f3b3s3s3s3s2f3n,s28f1f1f1f3b3s3s3s3s2f3,sffffbssssf,11,2,1,15-0,0,5,2,0,0,0,,,11
785,20180116,Australian_Open,Roger_Federer,Aljaz_Bedene,79,1,0,3,1,40-40,0,14,1,0,,2,1,AB,6 s27 f-3*,,,6s27f-3*,,0,,6s27f-3*,,1,,1,0,6,,s27f-3*,False,False,True,False,False,False,s27f3,s27f3,sf,2,2,1,AD-40,0,3,1,0,1,0,,,3
787,20180116,Australian_Open,Roger_Federer,Aljaz_Bedene,81,1,0,3,2,0-0,0,15,1,0,,1,2,RF,6 b17 f+1*,,,6b17f+1*,,0,,6b17f+1*,,1,,1,0,6,,b17f+1*,False,False,True,False,False,False,b17f1,b17f1,bf,2,1,1,15-0,0,3,2,0,1,0,,,3
789,20180116,Australian_Open,Roger_Federer,Aljaz_Bedene,83,1,0,3,2,30-0,0,15,1,0,,1,2,RF,4 f17 f+2 m2d#,,Could've been an impressive lob winner just missed it.,4f17f+2m2d#,,0,,4f17f+2m2d#,,1,,1,0,4,,f17f+2m2d#,False,False,False,True,False,False,f17f2m2d,f17f2m2,ffm,3,1,1,40-0,0,3,2,0,1,0,,,3
812,20180116,Australian_Open,Roger_Federer,Aljaz_Bedene,106,1,0,5,3,40-40,0,18,1,0,,2,1,AB,4 f18 f3 b2 f2 b2 b3 b2 f1 f1 f1 r2 f3y1 f-1*,,The drop shot was too high but still fairly tough due to the surprise element - Bedene's FH winner just clipped the line.,4f18f3b2f2b2b3b2f1f1f1r2f3y1f-1*,,0,,4f18f3b2f2b2b3b2f1f1f1r2f3y1f-1*,,1,,1,0,4,,f18f3b2f2b2b3b2f1f1f1r2f3y1f-1*,False,False,True,False,False,False,f18f3b2f2b2b3b2f1f1f1r2f3y1f1,f18f3b2f2b2b3b2f1f1f1r2f3y1f1,ffbfbbbfffrfyf,14,2,1,AD-40,0,5,3,0,1,0,,,15
818,20180116,Australian_Open,Roger_Federer,Aljaz_Bedene,112,1,0,5,4,30-30,0,19,1,0,,1,2,RF,6 s27 f-1 f2n#,,,6s27f-1f2n#,,0,,6s27f-1f2n#,,1,,1,0,6,,s27f-1f2n#,False,False,False,True,False,False,s27f1f2n,s27f1f2,sff,3,1,1,40-30,0,5,4,0,1,0,,,3
827,20180116,Australian_Open,Roger_Federer,Aljaz_Bedene,121,2,0,0,1,30-0,0,21,1,0,,1,2,RF,4+ f29 v3*,,,4+f29v3*,,1,,4f29v3*,,1,,1,0,4,,f29v3*,False,False,True,False,False,False,f29v3,f29v3,fv,2,1,1,40-0,0,0,1,0,2,0,,,3
839,20180116,Australian_Open,Roger_Federer,Aljaz_Bedene,133,2,0,2,1,0-0,0,23,1,0,,1,2,RF,6+ b18 v3 m2 o1*,,,6+b18v3m2o1*,,1,,6b18v3m2o1*,,1,,1,0,6,,b18v3m2o1*,False,False,True,False,False,False,b18v3m2o1,b18v3m2o1,bvmo,4,1,1,15-0,0,2,1,0,2,0,,,5
844,20180116,Australian_Open,Roger_Federer,Aljaz_Bedene,138,2,0,3,1,0-0,0,24,1,0,,2,1,AB,6 b27 f3 s3n#,,,6b27f3s3n#,,0,,6b27f3s3n#,,1,,1,0,6,,b27f3s3n#,False,False,False,True,False,False,b27f3s3n,b27f3s3,bfs,3,2,1,15-0,0,3,1,0,2,0,,,3
846,20180116,Australian_Open,Roger_Federer,Aljaz_Bedene,140,2,0,3,1,15-15,0,24,1,0,,2,1,AB,4 f28 f1 r2 f3 s3n#,,Federer grunts trying to get to the ball he was clearly late to (silly).,4f28f1r2f3s3n#,,0,,4f28f1r2f3s3n#,,1,,1,0,4,,f28f1r2f3s3n#,False,False,False,True,False,False,f28f1r2f3s3n,f28f1r2f3s3,ffrfs,5,2,1,30-15,0,3,1,0,2,0,,,5
856,20180116,Australian_Open,Roger_Federer,Aljaz_Bedene,150,2,0,3,2,40-40,0,25,1,0,,1,2,RF,4 f18 f1 f2d@,,Another strong return by Bedene but Federer gets it back deep and Bedene overhits the next shot.,4f18f1f2d@,,0,,4f18f1f2d@,,1,,1,0,4,,f18f1f2d@,False,False,False,False,True,False,f18f1f2d,f18f1f2,fff,3,1,1,AD-40,0,3,2,0,2,0,,,3
858,20180116,Australian_Open,Roger_Federer,Aljaz_Bedene,152,2,0,4,2,0-0,0,26,1,0,,2,1,AB,4 f29 f2 f2 f1 f3n@,,,4f29f2f2f1f3n@,,0,,4f29f2f2f1f3n@,,1,,1,0,4,,f29f2f2f1f3n@,False,False,False,False,True,False,f29f2f2f1f3n,f29f2f2f1f3,fffff,5,2,1,15-0,0,4,2,0,2,0,,,5
862,20180116,Australian_Open,Roger_Federer,Aljaz_Bedene,156,2,0,4,2,30-30,0,26,1,0,,2,1,AB,6 b27 f+1 l1w#,,,6b27f+1l1w#,,0,,6b27f+1l1w#,,1,,1,0,6,,b27f+1l1w#,False,False,False,True,False,False,b27f1l1w,b27f1l1,bfl,3,2,1,40-30,0,4,2,0,2,0,,,3
864,20180116,Australian_Open,Roger_Federer,Aljaz_Bedene,158,2,0,4,2,40-40,0,26,1,0,,2,1,AB,4 f29 f2 b1 r3 b+3 b1*,,,4f29f2b1r3b+3b1*,,0,,4f29f2b1r3b+3b1*,,1,,1,0,4,,f29f2b1r3b+3b1*,False,False,True,False,False,False,f29f2b1r3b3b1,f29f2b1r3b3b1,ffbrbb,6,2,1,AD-40,0,4,2,0,2,0,,,7
896,20180106,Hopman_Cup,Roger_Federer,Alexander_Zverev,19,0,0,1,0,40-40,0,2,1,0,,2,1,AZ,5 f18 f1 f1w@,,,5f18f1f1w@,,0,,5f18f1f1w@,,1,,1,0,5,,f18f1f1w@,False,False,False,False,True,False,f18f1f1w,f18f1f1,fff,3,2,1,AD-40,0,1,0,0,0,0,,,3
913,20180106,Hopman_Cup,Roger_Federer,Alexander_Zverev,36,0,0,2,1,15-15,0,4,1,0,,2,1,AZ,5 s38 b3 b1n@,,,5s38b3b1n@,,0,,5s38b3b1n@,,1,,1,0,5,,s38b3b1n@,False,False,False,False,True,False,s38b3b1n,s38b3b1,sbb,3,2,1,30-15,0,2,1,0,0,0,,,3
930,20180106,Hopman_Cup,Roger_Federer,Alexander_Zverev,53,0,0,3,3,15-15,0,7,1,0,,1,2,RF,4 r29u1 r2 v3*,,,4r29u1r2v3*,,0,,4r29u1r2v3*,,1,,1,0,4,,r29u1r2v3*,False,False,True,False,False,False,r29u1r2v3,r29u1r2v3,rurv,4,1,1,30-15,0,3,3,0,0,0,,,5
959,20180106,Hopman_Cup,Roger_Federer,Alexander_Zverev,82,0,0,6,5,15-15,0,12,1,0,,2,1,AZ,6 s27 b3*,,,6s27b3*,,0,,6s27b3*,,1,,1,0,6,,s27b3*,False,False,True,False,False,False,s27b3,s27b3,sb,2,2,1,30-15,0,6,5,0,0,0,,,3
963,20180106,Hopman_Cup,Roger_Federer,Alexander_Zverev,86,0,0,6,5,40-40,0,12,1,0,,2,1,AZ,6 s28 b3 b1w@,,,6s28b3b1w@,,0,,6s28b3b1w@,,1,,1,0,6,,s28b3b1w@,False,False,False,False,True,False,s28b3b1w,s28b3b1,sbb,3,2,1,AD-40,0,6,5,0,0,0,,,3
975,20180106,Hopman_Cup,Roger_Federer,Alexander_Zverev,109,0,1,2,0,0-0,0,16,1,0,,2,1,AZ,5 b29 f;3 b3 b3 f3 b2 f1w@,,,5b29f;3b3b3f3b2f1w@,,0,,5b29f;3b3b3f3b2f1w@,,1,,1,0,5,,b29f;3b3b3f3b2f1w@,False,False,False,False,True,False,b29f3b3b3f3b2f1w,b29f3b3b3f3b2f1,bfbbfbf,7,2,1,15-0,0,2,0,0,0,1,,,7
1000,20180106,Hopman_Cup,Roger_Federer,Alexander_Zverev,134,1,1,0,0,0-0,0,20,1,0,,2,1,AZ,6 s27 f-3*,,,6s27f-3*,,0,,6s27f-3*,,1,,1,0,6,,s27f-3*,False,False,True,False,False,False,s27f3,s27f3,sf,2,2,1,15-0,0,0,0,0,1,1,,,3
1019,20180106,Hopman_Cup,Roger_Federer,Alexander_Zverev,153,1,1,2,1,0-0,0,23,1,0,,1,2,RF,4 f;28 b3+ s1d#,,,4f;28b3+s1d#,,0,,4f;28b3+s1d#,,1,,1,0,4,,f;28b3+s1d#,False,False,False,True,False,False,f28b3s1d,f28b3s1,fbs,3,1,1,15-0,0,2,1,0,1,1,,,3
1028,20180106,Hopman_Cup,Roger_Federer,Alexander_Zverev,162,1,1,3,1,30-30,0,24,1,0,,2,1,AZ,6 s18 f3+ b2 v3 b1n#,,,6s18f3+b2v3b1n#,,0,,6s18f3+b2v3b1n#,,1,,1,0,6,,s18f3+b2v3b1n#,False,False,False,True,False,False,s18f3b2v3b1n,s18f3b2v3b1,sfbvb,5,2,1,40-30,0,3,1,0,1,1,,,5
1048,20180106,Hopman_Cup,Roger_Federer,Alexander_Zverev,182,1,1,5,2,0-0,0,27,1,0,,1,2,RF,6+ m28 o3*,,,6+m28o3*,,1,,6m28o3*,,1,,1,0,6,,m28o3*,False,False,True,False,False,False,m28o3,m28o3,mo,2,1,1,15-0,0,5,2,0,1,1,,,3
1050,20180106,Hopman_Cup,Roger_Federer,Alexander_Zverev,184,1,1,5,2,30-0,0,27,1,0,,1,2,RF,6+ b28 h3*,,,6+b28h3*,,1,,6b28h3*,,1,,1,0,6,,b28h3*,False,False,True,False,False,False,b28h3,b28h3,bh,2,1,1,40-0,0,5,2,0,1,1,,,3
1065,20170401,Miami_Masters,Roger_Federer,Nick_Kyrgios,14,0,0,1,0,40-40,0,2,1,0,,2,1,NK,6 b27 b+3 b2n#,,,6b27b+3b2n#,,0,,6b27b+3b2n#,,1,,1,0,6,,b27b+3b2n#,False,False,False,True,False,False,b27b3b2n,b27b3b2,bbb,3,2,1,AD-40,0,1,0,0,0,0,,,3
1076,20170401,Miami_Masters,Roger_Federer,Nick_Kyrgios,25,0,0,2,1,30-30,0,4,1,0,,2,1,NK,6 s27 f-1*,,,6s27f-1*,,0,,6s27f-1*,,1,,1,0,6,,s27f-1*,False,False,True,False,False,False,s27f1,s27f1,sf,2,2,1,40-30,0,2,1,0,0,0,,,3
1088,20170401,Miami_Masters,Roger_Federer,Nick_Kyrgios,37,0,0,2,2,0-0,0,5,1,0,,1,2,RF,4 f27 f+3 b3n#,,,4f27f+3b3n#,,0,,4f27f+3b3n#,,1,,1,0,4,,f27f+3b3n#,False,False,False,True,False,False,f27f3b3n,f27f3b3,ffb,3,1,1,15-0,0,2,2,0,0,0,,,3
1099,20170401,Miami_Masters,Roger_Federer,Nick_Kyrgios,48,0,0,3,3,0-30,0,7,1,0,,1,2,RF,4 r27 f+1 f3 z3 s2 z2 f2d#,,,4r27f+1f3z3s2z2f2d#,,0,,4r27f+1f3z3s2z2f2d#,,1,,1,0,4,,r27f+1f3z3s2z2f2d#,False,False,False,True,False,False,r27f1f3z3s2z2f2d,r27f1f3z3s2z2f2,rffzszf,7,1,1,15-30,0,3,3,0,0,0,,,7
1103,20170401,Miami_Masters,Roger_Federer,Nick_Kyrgios,52,0,0,3,4,0-0,0,8,1,0,,2,1,NK,6 b27 f3*,,,6b27f3*,,0,,6b27f3*,,1,,1,0,6,,b27f3*,False,False,True,False,False,False,b27f3,b27f3,bf,2,2,1,15-0,0,3,4,0,0,0,,,3
1110,20170401,Miami_Masters,Roger_Federer,Nick_Kyrgios,59,0,0,3,5,15-15,0,9,1,0,,1,2,RF,4 f28 f2 b2 f+1 f2 v3 m2 o1*,,,4f28f2b2f+1f2v3m2o1*,,0,,4f28f2b2f+1f2v3m2o1*,,1,,1,0,4,,f28f2b2f+1f2v3m2o1*,False,False,True,False,False,False,f28f2b2f1f2v3m2o1,f28f2b2f1f2v3m2o1,ffbffvmo,8,1,1,30-15,0,3,5,0,0,0,,,9
1114,20170401,Miami_Masters,Roger_Federer,Nick_Kyrgios,63,0,0,3,5,40-40,0,9,1,0,,1,2,RF,6 b28 f2 b2n@,,,6b28f2b2n@,,0,,6b28f2b2n@,,1,,1,0,6,,b28f2b2n@,False,False,False,False,True,False,b28f2b2n,b28f2b2,bfb,3,1,1,AD-40,0,3,5,0,0,0,,,3
1118,20170401,Miami_Masters,Roger_Federer,Nick_Kyrgios,67,0,0,3,5,40-40,0,9,1,0,,1,2,RF,4 f28 f1 r2d#,,,4f28f1r2d#,,0,,4f28f1r2d#,,1,,1,0,4,,f28f1r2d#,False,False,False,True,False,False,f28f1r2d,f28f1r2,ffr,3,1,1,AD-40,0,3,5,0,0,0,,,3
1140,20170401,Miami_Masters,Roger_Federer,Nick_Kyrgios,109,1,0,0,0,30-0,0,14,1,0,,2,1,NK,6 s28 f+1 f2n#,,,6s28f+1f2n#,,0,,6s28f+1f2n#,,1,,1,0,6,,s28f+1f2n#,False,False,False,True,False,False,s28f1f2n,s28f1f2,sff,3,2,1,40-0,0,0,0,0,1,0,,,3
1150,20170401,Miami_Masters,Roger_Federer,Nick_Kyrgios,119,1,0,1,1,0-0,0,16,1,0,,2,1,NK,4+ f28 z3*,,,4+f28z3*,,1,,4f28z3*,,1,,1,0,4,,f28z3*,False,False,True,False,False,False,f28z3,f28z3,fz,2,2,1,15-0,0,1,1,0,1,0,,,3
1152,20170401,Miami_Masters,Roger_Federer,Nick_Kyrgios,121,1,0,1,1,15-15,0,16,1,0,,2,1,NK,4 f27 f1*,,,4f27f1*,,0,,4f27f1*,,1,,1,0,4,,f27f1*,False,False,True,False,False,False,f27f1,f27f1,ff,2,2,1,30-15,0,1,1,0,1,0,,,3
1159,20170401,Miami_Masters,Roger_Federer,Nick_Kyrgios,128,1,0,2,2,0-0,0,18,1,0,,2,1,NK,4 f;17 f1*,,,4f;17f1*,,0,,4f;17f1*,,1,,1,0,4,,f;17f1*,False,False,True,False,False,False,f17f1,f17f1,ff,2,2,1,15-0,0,2,2,0,1,0,,,3
1173,20170401,Miami_Masters,Roger_Federer,Nick_Kyrgios,142,1,0,3,3,40-40,0,20,1,0,,2,1,NK,5 b18 f1 f1w#,,,5b18f1f1w#,,0,,5b18f1f1w#,,1,,1,0,5,,b18f1f1w#,False,False,False,True,False,False,b18f1f1w,b18f1f1,bff,3,2,1,AD-40,0,3,3,0,1,0,,,3
1184,20170401,Miami_Masters,Roger_Federer,Nick_Kyrgios,153,1,0,4,5,0-0,0,23,1,0,,1,2,RF,5 b28 f3*,,,5b28f3*,,0,,5b28f3*,,1,,1,0,5,,b28f3*,False,False,True,False,False,False,b28f3,b28f3,bf,2,1,1,15-0,0,4,5,0,1,0,,,3
1196,20170401,Miami_Masters,Roger_Federer,Nick_Kyrgios,165,1,0,5,5,40-40,0,24,1,0,,2,1,NK,5 s27 f+3 b2d@,,,5s27f+3b2d@,,0,,5s27f+3b2d@,,1,,1,0,5,,s27f+3b2d@,False,False,False,False,True,False,s27f3b2d,s27f3b2,sfb,3,2,1,AD-40,0,5,5,0,1,0,,,3
1200,20170401,Miami_Masters,Roger_Federer,Nick_Kyrgios,169,1,0,5,6,15-15,0,25,1,0,,1,2,RF,6 b18 j+1 r3 z2 f2 v3*,,,6b18j+1r3z2f2v3*,,0,,6b18j+1r3z2f2v3*,,1,,1,0,6,,b18j+1r3z2f2v3*,False,False,True,False,False,False,b18j1r3z2f2v3,b18j1r3z2f2v3,bjrzfv,6,1,1,30-15,0,5,6,0,1,0,,,7
1203,20170401,Miami_Masters,Roger_Federer,Nick_Kyrgios,192,1,1,0,0,0-0,0,27,1,0,,1,2,RF,c5 b38 b3 b2n#,,,5b38b3b2n#,,0,,5b38b3b2n#,,1,,1,0,5,,b38b3b2n#,False,False,False,True,False,False,b38b3b2n,b38b3b2,bbb,3,1,1,15-0,0,0,0,0,1,1,,,3
1218,20170401,Miami_Masters,Roger_Federer,Nick_Kyrgios,207,1,1,2,1,0-0,0,30,1,0,,2,1,NK,6 b27 f+1*,,,6b27f+1*,,0,,6b27f+1*,,1,,1,0,6,,b27f+1*,False,False,True,False,False,False,b27f1,b27f1,bf,2,2,1,15-0,0,2,1,0,1,1,,,3
1224,20170401,Miami_Masters,Roger_Federer,Nick_Kyrgios,213,1,1,2,1,40-40,0,30,1,0,,2,1,NK,4 r27 f+1 f2 v3 b3w#,,,4r27f+1f2v3b3w#,,0,,4r27f+1f2v3b3w#,,1,,1,0,4,,r27f+1f2v3b3w#,False,False,False,True,False,False,r27f1f2v3b3w,r27f1f2v3b3,rffvb,5,2,1,AD-40,0,2,1,0,1,1,,,5
1230,20170401,Miami_Masters,Roger_Federer,Nick_Kyrgios,219,1,1,2,2,15-15,0,31,1,0,,1,2,RF,6 b28 f3 b3 b+1 f2d#,,,6b28f3b3b+1f2d#,,0,,6b28f3b3b+1f2d#,,1,,1,0,6,,b28f3b3b+1f2d#,False,False,False,True,False,False,b28f3b3b1f2d,b28f3b3b1f2,bfbbf,5,1,1,30-15,0,2,2,0,1,1,,,5
1239,20170401,Miami_Masters,Roger_Federer,Nick_Kyrgios,228,1,1,3,3,0-0,0,33,1,0,,1,2,RF,4 f27 f+2 m1 o3*,,,4f27f+2m1o3*,,0,,4f27f+2m1o3*,,1,,1,0,4,,f27f+2m1o3*,False,False,True,False,False,False,f27f2m1o3,f27f2m1o3,ffmo,4,1,1,15-0,0,3,3,0,1,1,,,5
1261,20170401,Miami_Masters,Roger_Federer,Nick_Kyrgios,250,1,1,5,5,0-0,0,37,1,0,,1,2,RF,5 b27 b1 f2 f3*,,,5b27b1f2f3*,,0,,5b27b1f2f3*,,1,,1,0,5,,b27b1f2f3*,False,False,True,False,False,False,b27b1f2f3,b27b1f2f3,bbff,4,1,1,15-0,0,5,5,0,1,1,,,5
1263,20170401,Miami_Masters,Roger_Federer,Nick_Kyrgios,252,1,1,5,5,30-0,0,37,1,0,,1,2,RF,5 b38 b;2 f3w@,,,5b38b;2f3w@,,0,,5b38b;2f3w@,,1,,1,0,5,,b38b;2f3w@,False,False,False,False,True,False,b38b2f3w,b38b2f3,bbf,3,1,1,40-0,0,5,5,0,1,1,,,3
1270,20170319,Indian_Wells_Masters,Roger_Federer,Stanislas_Wawrinka,1,0,0,0,0,0-0,0,1,1,0,,1,2,RF,6 s27 f+3 b3 z2*,,,6s27f+3b3z2*,,0,,6s27f+3b3z2*,,1,,1,0,6,,s27f+3b3z2*,False,False,True,False,False,False,s27f3b3z2,s27f3b3z2,sfbz,4,1,1,15-0,0,0,0,0,0,0,,,5
1308,20170319,Indian_Wells_Masters,Roger_Federer,Stanislas_Wawrinka,39,0,0,4,3,30-0,0,8,1,0,,2,1,SW,4 r28 f1 f1n@,,,4r28f1f1n@,,0,,4r28f1f1n@,,1,,1,0,4,,r28f1f1n@,False,False,False,False,True,False,r28f1f1n,r28f1f1,rff,3,2,1,40-0,0,4,3,0,0,0,,,3
1310,20170319,Indian_Wells_Masters,Roger_Federer,Stanislas_Wawrinka,41,0,0,4,4,0-0,0,9,1,0,,1,2,RF,4 f27 b+;3 s2n#,,,4f27b+;3s2n#,,0,,4f27b+;3s2n#,,1,,1,0,4,,f27b+;3s2n#,False,False,False,True,False,False,f27b3s2n,f27b3s2,fbs,3,1,1,15-0,0,4,4,0,0,0,,,3
1314,20170319,Indian_Wells_Masters,Roger_Federer,Stanislas_Wawrinka,45,0,0,4,4,30-30,0,9,1,0,,1,2,RF,5 s28 f+3 b1 v2*,,,5s28f+3b1v2*,,0,,5s28f+3b1v2*,,1,,1,0,5,,s28f+3b1v2*,False,False,True,False,False,False,s28f3b1v2,s28f3b1v2,sfbv,4,1,1,40-30,0,4,4,0,0,0,,,5
1318,20170319,Indian_Wells_Masters,Roger_Federer,Stanislas_Wawrinka,49,0,0,5,4,15-15,0,10,1,0,,2,1,SW,4 r27 f1*,,,4r27f1*,,0,,4r27f1*,,1,,1,0,4,,r27f1*,False,False,True,False,False,False,r27f1,r27f1,rf,2,2,1,30-15,0,5,4,0,0,0,,,3
1330,20170319,Indian_Wells_Masters,Roger_Federer,Stanislas_Wawrinka,61,1,0,0,1,15-15,0,12,1,0,,2,1,SW,5 b28 f1 f1w@,,,5b28f1f1w@,,0,,5b28f1f1w@,,1,,1,0,5,,b28f1f1w@,False,False,False,False,True,False,b28f1f1w,b28f1f1,bff,3,2,1,30-15,0,0,1,0,1,0,,,3
1347,20170319,Indian_Wells_Masters,Roger_Federer,Stanislas_Wawrinka,78,1,0,1,2,0-30,0,14,1,0,,2,1,SW,4 r28 f+3 s2 z2 f3n@,,,4r28f+3s2z2f3n@,,0,,4r28f+3s2z2f3n@,,1,,1,0,4,,r28f+3s2z2f3n@,False,False,False,False,True,False,r28f3s2z2f3n,r28f3s2z2f3,rfszf,5,2,1,15-30,0,1,2,0,1,0,,,5
1366,20170319,Indian_Wells_Masters,Roger_Federer,Stanislas_Wawrinka,97,1,0,3,3,15-15,0,17,1,0,,1,2,RF,4 r29 b+3 s2 z3*,,,4r29b+3s2z3*,,0,,4r29b+3s2z3*,,1,,1,0,4,,r29b+3s2z3*,False,False,True,False,False,False,r29b3s2z3,r29b3s2z3,rbsz,4,1,1,30-15,0,3,3,0,1,0,,,5
1368,20170319,Indian_Wells_Masters,Roger_Federer,Stanislas_Wawrinka,99,1,0,3,3,30-30,0,17,1,0,,1,2,RF,4+ f17 v2 m2 o2 f1x#,,,4+f17v2m2o2f1x#,,1,,4f17v2m2o2f1x#,,1,,1,0,4,,f17v2m2o2f1x#,False,False,False,True,False,False,f17v2m2o2f1x,f17v2m2o2f1,fvmof,5,1,1,40-30,0,3,3,0,1,0,,,5
1370,20170319,Indian_Wells_Masters,Roger_Federer,Stanislas_Wawrinka,101,1,0,4,3,0-0,0,18,1,0,,2,1,SW,4 f27 b+3 m2d#,,,4f27b+3m2d#,,0,,4f27b+3m2d#,,1,,1,0,4,,f27b+3m2d#,False,False,False,True,False,False,f27b3m2d,f27b3m2,fbm,3,2,1,15-0,0,4,3,0,1,0,,,3
1393,20170319,Indian_Wells_Masters,Roger_Federer,Stanislas_Wawrinka,124,1,0,6,5,15-15,0,22,1,0,,2,1,SW,4 f28 b3 b2 f1 f2n#,,,4f28b3b2f1f2n#,,0,,4f28b3b2f1f2n#,,1,,1,0,4,,f28b3b2f1f2n#,False,False,False,True,False,False,f28b3b2f1f2n,f28b3b2f1f2,fbbff,5,2,1,30-15,0,6,5,0,1,0,,,5
1425,20170126,Australian_Open,Roger_Federer,Stanislas_Wawrinka,27,0,0,2,1,40-40,0,4,1,0,,2,1,SW,5 s28 f3*,,,5s28f3*,,0,,5s28f3*,,1,,1,0,5,,s28f3*,False,False,True,False,False,False,s28f3,s28f3,sf,2,2,1,AD-40,0,2,1,0,0,0,,,3
1435,20170126,Australian_Open,Roger_Federer,Stanislas_Wawrinka,37,0,0,2,2,40-40,0,5,1,0,,1,2,RF,4 f18 f;3 b1d@,,,4f18f;3b1d@,,0,,4f18f;3b1d@,,1,,1,0,4,,f18f;3b1d@,False,False,False,False,True,False,f18f3b1d,f18f3b1,ffb,3,1,1,AD-40,0,2,2,0,0,0,,,3
1439,20170126,Australian_Open,Roger_Federer,Stanislas_Wawrinka,41,0,0,3,2,0-0,0,6,1,0,,2,1,SW,6 s27 f1*,,,6s27f1*,,0,,6s27f1*,,1,,1,0,6,,s27f1*,False,False,True,False,False,False,s27f1,s27f1,sf,2,2,1,15-0,0,3,2,0,0,0,,,3
1443,20170126,Australian_Open,Roger_Federer,Stanislas_Wawrinka,45,0,0,3,2,30-30,0,6,1,0,,2,1,SW,6 s37 b+3 b1n#,,,6s37b+3b1n#,,0,,6s37b+3b1n#,,1,,1,0,6,,s37b+3b1n#,False,False,False,True,False,False,s37b3b1n,s37b3b1,sbb,3,2,1,40-30,0,3,2,0,0,0,,,3
1449,20170126,Australian_Open,Roger_Federer,Stanislas_Wawrinka,51,0,0,3,3,30-30,0,7,1,0,,1,2,RF,4+ r2 z3 b3n#,,,4+r2z3b3n#,,1,,4r2z3b3n#,,1,,1,0,4,,r2z3b3n#,False,False,False,True,False,False,r2z3b3n,r2z3b3,rzb,3,1,1,40-30,0,3,3,0,0,0,,,3
1453,20170126,Australian_Open,Roger_Federer,Stanislas_Wawrinka,55,0,0,4,3,15-15,0,8,1,0,,2,1,SW,5 r38 b3 s2 f3 b2n#,,,5r38b3s2f3b2n#,,0,,5r38b3s2f3b2n#,,1,,1,0,5,,r38b3s2f3b2n#,False,False,False,True,False,False,r38b3s2f3b2n,r38b3s2f3b2,rbsfb,5,2,1,30-15,0,4,3,0,0,0,,,5
1463,20170126,Australian_Open,Roger_Federer,Stanislas_Wawrinka,65,0,0,5,4,15-15,0,10,1,0,,2,1,SW,4 f28 f1 f2 b3 b3 b3 b2n@,,,4f28f1f2b3b3b3b2n@,,0,,4f28f1f2b3b3b3b2n@,,1,,1,0,4,,f28f1f2b3b3b3b2n@,False,False,False,False,True,False,f28f1f2b3b3b3b2n,f28f1f2b3b3b3b2,fffbbbb,7,2,1,30-15,0,5,4,0,0,0,,,7
1496,20170126,Australian_Open,Roger_Federer,Stanislas_Wawrinka,98,1,0,1,1,30-30,0,15,1,0,,1,2,RF,5 s29 f1 f1d#,,,5s29f1f1d#,,0,,5s29f1f1d#,,1,,1,0,5,,s29f1f1d#,False,False,False,True,False,False,s29f1f1d,s29f1f1,sff,3,1,1,40-30,0,1,1,0,1,0,,,3
1515,20170126,Australian_Open,Roger_Federer,Stanislas_Wawrinka,117,1,0,4,2,0-0,0,19,1,0,,1,2,RF,4 f29 f1*,,,4f29f1*,,0,,4f29f1*,,1,,1,0,4,,f29f1*,False,False,True,False,False,False,f29f1,f29f1,ff,2,1,1,15-0,0,4,2,0,1,0,,,3
1517,20170126,Australian_Open,Roger_Federer,Stanislas_Wawrinka,119,1,0,4,2,15-15,0,19,1,0,,1,2,RF,4+ f27 v3*,,,4+f27v3*,,1,,4f27v3*,,1,,1,0,4,,f27v3*,False,False,True,False,False,False,f27v3,f27v3,fv,2,1,1,30-15,0,4,2,0,1,0,,,3
1522,20170126,Australian_Open,Roger_Federer,Stanislas_Wawrinka,124,1,0,5,2,30-0,0,20,1,0,,2,1,SW,4 r18 f3*,,,4r18f3*,,0,,4r18f3*,,1,,1,0,4,,r18f3*,False,False,True,False,False,False,r18f3,r18f3,rf,2,2,1,40-0,0,5,2,0,1,0,,,3
1526,20170126,Australian_Open,Roger_Federer,Stanislas_Wawrinka,128,1,0,5,3,0-0,0,21,1,0,,1,2,RF,6 s28 f1 r1w#,,,6s28f1r1w#,,0,,6s28f1r1w#,,1,,1,0,6,,s28f1r1w#,False,False,False,True,False,False,s28f1r1w,s28f1r1,sfr,3,1,1,15-0,0,5,3,0,1,0,,,3
1536,20170126,Australian_Open,Roger_Federer,Stanislas_Wawrinka,138,2,0,0,1,0-0,0,23,1,0,,1,2,RF,4 f28 f3*,,,4f28f3*,,0,,4f28f3*,,1,,1,0,4,,f28f3*,False,False,True,False,False,False,f28f3,f28f3,ff,2,1,1,15-0,0,0,1,0,2,0,,,3
1540,20170126,Australian_Open,Roger_Federer,Stanislas_Wawrinka,142,2,0,1,1,0-0,0,24,1,0,,2,1,SW,4 f28 b3*,,,4f28b3*,,0,,4f28b3*,,1,,1,0,4,,f28b3*,False,False,True,False,False,False,f28b3,f28b3,fb,2,2,1,15-0,0,1,1,0,2,0,,,3
1542,20170126,Australian_Open,Roger_Federer,Stanislas_Wawrinka,144,2,0,1,1,15-15,0,24,1,0,,2,1,SW,4 f29 f3 b2 f3 s2 f-3*,,,4f29f3b2f3s2f-3*,,0,,4f29f3b2f3s2f-3*,,1,,1,0,4,,f29f3b2f3s2f-3*,False,False,True,False,False,False,f29f3b2f3s2f3,f29f3b2f3s2f3,ffbfsf,6,2,1,30-15,0,1,1,0,2,0,,,7
1544,20170126,Australian_Open,Roger_Federer,Stanislas_Wawrinka,146,2,0,1,1,30-30,0,24,1,0,,2,1,SW,6 s27 b3*,,,6s27b3*,,0,,6s27b3*,,1,,1,0,6,,s27b3*,False,False,True,False,False,False,s27b3,s27b3,sb,2,2,1,40-30,0,1,1,0,2,0,,,3
1558,20170126,Australian_Open,Roger_Federer,Stanislas_Wawrinka,160,2,0,1,4,15-15,0,27,1,0,,1,2,RF,6 s27 o-1*,,,6s27o-1*,,0,,6s27o-1*,,1,,1,0,6,,s27o-1*,False,False,True,False,False,False,s27o1,s27o1,so,2,1,1,30-15,0,1,4,0,2,0,,,3
1595,20170126,Australian_Open,Roger_Federer,Stanislas_Wawrinka,197,2,1,3,2,0-0,0,34,1,0,,2,1,SW,5 s28 b3 s3 b3*,,,5s28b3s3b3*,,0,,5s28b3s3b3*,,1,,1,0,5,,s28b3s3b3*,False,False,True,False,False,False,s28b3s3b3,s28b3s3b3,sbsb,4,2,1,15-0,0,3,2,0,2,1,,,5
1600,20170126,Australian_Open,Roger_Federer,Stanislas_Wawrinka,202,2,1,3,3,0-0,0,35,1,0,,1,2,RF,5 s37 s+1 f3w#,,,5s37s+1f3w#,,0,,5s37s+1f3w#,,1,,1,0,5,,s37s+1f3w#,False,False,False,True,False,False,s37s1f3w,s37s1f3,ssf,3,1,1,15-0,0,3,3,0,2,1,,,3
1602,20170126,Australian_Open,Roger_Federer,Stanislas_Wawrinka,204,2,1,3,3,15-15,0,35,1,0,,1,2,RF,5 s37 b3 b1 f1 r2 f1 f1w@,,,5s37b3b1f1r2f1f1w@,,0,,5s37b3b1f1r2f1f1w@,,1,,1,0,5,,s37b3b1f1r2f1f1w@,False,False,False,False,True,False,s37b3b1f1r2f1f1w,s37b3b1f1r2f1f1,sbbfrff,7,1,1,30-15,0,3,3,0,2,1,,,7
1605,20170126,Australian_Open,Roger_Federer,Stanislas_Wawrinka,207,2,1,4,3,0-0,0,36,1,0,,2,1,SW,5 r17 f1*,,,5r17f1*,,0,,5r17f1*,,1,,1,0,5,,r17f1*,False,False,True,False,False,False,r17f1,r17f1,rf,2,2,1,15-0,0,4,3,0,2,1,,,3
1628,20170126,Australian_Open,Roger_Federer,Stanislas_Wawrinka,230,2,2,1,0,0-0,0,40,0,0,,2,1,SW,4 f17 f+3*,,,4f17f+3*,,0,,4f17f+3*,,1,,1,0,4,,f17f+3*,False,False,True,False,False,False,f17f3,f17f3,ff,2,2,1,15-0,0,1,0,0,2,2,,,3
1638,20170126,Australian_Open,Roger_Federer,Stanislas_Wawrinka,240,2,2,1,1,40-40,0,41,0,0,,1,2,RF,4 r38 b2 f1 f1 r3n#,,,4r38b2f1f1r3n#,,0,,4r38b2f1f1r3n#,,1,,1,0,4,,r38b2f1f1r3n#,False,False,False,True,False,False,r38b2f1f1r3n,r38b2f1f1r3,rbffr,5,1,1,AD-40,0,1,1,0,2,2,,,5
1648,20170126,Australian_Open,Roger_Federer,Stanislas_Wawrinka,250,2,2,2,2,15-15,0,43,0,0,,1,2,RF,6 s27 o-1*,,,6s27o-1*,,0,,6s27o-1*,,1,,1,0,6,,s27o-1*,False,False,True,False,False,False,s27o1,s27o1,so,2,1,1,30-15,0,2,2,0,2,2,,,3
1656,20170126,Australian_Open,Roger_Federer,Stanislas_Wawrinka,258,2,2,2,2,40-40,0,43,0,0,,1,2,RF,4 r28 f+3 m2 o1 l2 v3*,,,4r28f+3m2o1l2v3*,,0,,4r28f+3m2o1l2v3*,,1,,1,0,4,,r28f+3m2o1l2v3*,False,False,True,False,False,False,r28f3m2o1l2v3,r28f3m2o1l2v3,rfmolv,6,1,1,AD-40,0,2,2,0,2,2,,,7
1663,20170126,Australian_Open,Roger_Federer,Stanislas_Wawrinka,265,2,2,4,2,0-0,0,45,0,0,,1,2,RF,4 r28 b3*,,,4r28b3*,,0,,4r28b3*,,1,,1,0,4,,r28b3*,False,False,True,False,False,False,r28b3,r28b3,rb,2,1,1,15-0,0,4,2,0,2,2,,,3
1673,20170126,Australian_Open,Roger_Federer,Stanislas_Wawrinka,275,2,2,5,3,0-0,0,47,0,0,,1,2,RF,c6 s27 f+3 m1w#,,,6s27f+3m1w#,,0,,6s27f+3m1w#,,1,,1,0,6,,s27f+3m1w#,False,False,False,True,False,False,s27f3m1w,s27f3m1,sfm,3,1,1,15-0,0,5,3,0,2,2,,,3
1691,20170124,Australian_Open,Roger_Federer,Mischa_Zverev,15,0,0,2,0,30-30,0,3,1,0,,1,2,RF,6 f28 f1 s2 f3 r3 f+1 b1 v3*,,,6f28f1s2f3r3f+1b1v3*,,0,,6f28f1s2f3r3f+1b1v3*,,1,,1,0,6,,f28f1s2f3r3f+1b1v3*,False,False,True,False,False,False,f28f1s2f3r3f1b1v3,f28f1s2f3r3f1b1v3,ffsfrfbv,8,1,1,40-30,0,2,0,0,0,0,,,9
1698,20170124,Australian_Open,Roger_Federer,Mischa_Zverev,22,0,0,4,0,0-0,0,5,1,0,,1,2,RF,4 s19 f3 r3 f+1 s3 o3*,,MZ's last backhand slice (s3) was quite high necessitating a jumping smash (o3) from RF,4s19f3r3f+1s3o3*,,0,,4s19f3r3f+1s3o3*,,1,,1,0,4,,s19f3r3f+1s3o3*,False,False,True,False,False,False,s19f3r3f1s3o3,s19f3r3f1s3o3,sfrfso,6,1,1,15-0,0,4,0,0,0,0,,,7
1702,20170124,Australian_Open,Roger_Federer,Mischa_Zverev,26,0,0,5,0,0-0,0,6,1,0,,2,1,MZ,5+ f19 z2 f3 v2*,,MZ's last volley (z2*) was at a stretch and appears to have caught the ball between the strings and the frame (or very near to it) as the resulting shot had very little pace and bounce compared to what would be expected from the stroke,5+f19z2f3v2*,,1,,5f19z2f3v2*,,1,,1,0,5,,f19z2f3v2*,False,False,True,False,False,False,f19z2f3v2,f19z2f3v2,fzfv,4,2,1,15-0,0,5,0,0,0,0,,,5
1725,20170124,Australian_Open,Roger_Federer,Mischa_Zverev,49,1,0,0,1,30-30,0,9,1,0,,1,2,RF,4 s38 b3 f3 s+1 b1 v3*,,,4s38b3f3s+1b1v3*,,0,,4s38b3f3s+1b1v3*,,1,,1,0,4,,s38b3f3s+1b1v3*,False,False,True,False,False,False,s38b3f3s1b1v3,s38b3f3s1b1v3,sbfsbv,6,1,1,40-30,0,0,1,0,1,0,,,7
1727,20170124,Australian_Open,Roger_Federer,Mischa_Zverev,51,1,0,1,1,0-0,0,10,1,0,,2,1,MZ,5+ s18 z1 f3 v3*,,,5+s18z1f3v3*,,1,,5s18z1f3v3*,,1,,1,0,5,,s18z1f3v3*,False,False,True,False,False,False,s18z1f3v3,s18z1f3v3,szfv,4,2,1,15-0,0,1,1,0,1,0,,,5
1729,20170124,Australian_Open,Roger_Federer,Mischa_Zverev,53,1,0,1,1,30-0,0,10,1,0,,2,1,MZ,5+ f28 h+3 b1 z2 b2 z1 f3 v3*,,MZ's half-volley (h+3) was just behind the service line as the return came back too quickly for his approach to be completed before this stroke,5+f28h+3b1z2b2z1f3v3*,,1,,5f28h+3b1z2b2z1f3v3*,,1,,1,0,5,,f28h+3b1z2b2z1f3v3*,False,False,True,False,False,False,f28h3b1z2b2z1f3v3,f28h3b1z2b2z1f3v3,fhbzbzfv,8,2,1,40-0,0,1,1,0,1,0,,,9
1745,20170124,Australian_Open,Roger_Federer,Mischa_Zverev,69,1,0,2,3,30-30,0,13,1,0,,1,2,RF,4 s17 f-3 h=3 p2*,,MZ's half-volley (h=3) was a lob,4s17f-3h=3p2*,,0,,4s17f-3h=3p2*,,1,,1,0,4,,s17f-3h=3p2*,False,False,True,False,False,False,s17f3h3p2,s17f3h3p2,sfhp,4,1,1,40-30,0,2,3,0,1,0,,,5
1747,20170124,Australian_Open,Roger_Federer,Mischa_Zverev,71,1,0,3,3,0-0,0,14,1,0,,2,1,MZ,5+ b;17 s1 h=1 o3*,,RF's return of serve dropped quite short due to the net cord; RF's baseline half-volley (h=1) was a flicked lob; jumping overhead smash by MZ (o3*),5+b;17s1h=1o3*,,1,,5b;17s1h=1o3*,,1,,1,0,5,,b;17s1h=1o3*,False,False,True,False,False,False,b17s1h1o3,b17s1h1o3,bsho,4,2,1,15-0,0,3,3,0,1,0,,,5
1758,20170124,Australian_Open,Roger_Federer,Mischa_Zverev,82,1,0,4,4,0-0,0,16,1,0,,2,1,MZ,5+ f28 z3 b2 z1*,,MZ's second backhand volley (z1) was partially defensive as the ball was hit straight at him,5+f28z3b2z1*,,1,,5f28z3b2z1*,,1,,1,0,5,,f28z3b2z1*,False,False,True,False,False,False,f28z3b2z1,f28z3b2z1,fzbz,4,2,1,15-0,0,4,4,0,1,0,,,5
1760,20170124,Australian_Open,Roger_Federer,Mischa_Zverev,84,1,0,4,4,30-0,0,16,1,0,,2,1,MZ,5+ s28 v3 b3 v2 f-1w@,,MZ's last volley (v2) was a defensive lunge that resulted in a short high-bouncing ball,5+s28v3b3v2f-1w@,,1,,5s28v3b3v2f-1w@,,1,,1,0,5,,s28v3b3v2f-1w@,False,False,False,False,True,False,s28v3b3v2f1w,s28v3b3v2f1,svbvf,5,2,1,40-0,0,4,4,0,1,0,,,5
1772,20170124,Australian_Open,Roger_Federer,Mischa_Zverev,96,1,0,6,5,0-0,0,19,1,0,,1,2,RF,6 f27 f+3*,,,6f27f+3*,,0,,6f27f+3*,,1,,1,0,6,,f27f+3*,False,False,True,False,False,False,f27f3,f27f3,ff,2,1,1,15-0,0,6,5,0,1,0,,,3
1782,20170124,Australian_Open,Roger_Federer,Mischa_Zverev,106,2,0,0,0,30-30,0,20,1,0,,2,1,MZ,6+ b18 z3 b1x#,,,6+b18z3b1x#,,1,,6b18z3b1x#,,1,,1,0,6,,b18z3b1x#,False,False,False,True,False,False,b18z3b1x,b18z3b1,bzb,3,2,1,40-30,0,0,0,0,2,0,,,3
1797,20170124,Australian_Open,Roger_Federer,Mischa_Zverev,121,2,0,1,1,30-30,0,22,1,0,,2,1,MZ,5+ f;18 z3 i=2n#,,,5+f;18z3i=2n#,,1,,5f;18z3i=2n#,,1,,1,0,5,,f;18z3i=2n#,False,False,False,True,False,False,f18z3i2n,f18z3i2,fzi,3,2,1,40-30,0,1,1,0,2,0,,,3
1814,20170124,Australian_Open,Roger_Federer,Mischa_Zverev,138,2,0,3,2,0-0,0,25,1,0,,1,2,RF,6 f19 f1 b2 b1 s3 f3 f3d@,,,6f19f1b2b1s3f3f3d@,,0,,6f19f1b2b1s3f3f3d@,,1,,1,0,6,,f19f1b2b1s3f3f3d@,False,False,False,False,True,False,f19f1b2b1s3f3f3d,f19f1b2b1s3f3f3,ffbbsff,7,1,1,15-0,0,3,2,0,2,0,,,7
1816,20170124,Australian_Open,Roger_Federer,Mischa_Zverev,140,2,0,3,2,15-15,0,25,1,0,,1,2,RF,6 f37 b-+1 b3n#,,RF's backhand approach (b-+1) was hit slightly behind the service line as a net approach,6f37b-+1b3n#,,0,,6f37b-+1b3n#,,1,,1,0,6,,f37b-+1b3n#,False,False,False,True,False,False,f37b1b3n,f37b1b3,fbb,3,1,1,30-15,0,3,2,0,2,0,,,3
1827,20170124,Australian_Open,Roger_Federer,Mischa_Zverev,151,2,0,4,2,40-40,0,26,1,0,,2,1,MZ,c4+ f27 v3 s2n#,,RF's last shot was a nearly flat wrist flick,4+f27v3s2n#,,1,,4f27v3s2n#,,1,,1,0,4,,f27v3s2n#,False,False,False,True,False,False,f27v3s2n,f27v3s2,fvs,3,2,1,AD-40,0,4,2,0,2,0,,,3
1837,20170124,Australian_Open,Roger_Federer,Mischa_Zverev,161,2,0,4,2,40-40,0,26,1,0,,2,1,MZ,5+ f29 v2 b1 z2*,,Defensive drop-volley winner (likely unintentional),5+f29v2b1z2*,,1,,5f29v2b1z2*,,1,,1,0,5,,f29v2b1z2*,False,False,True,False,False,False,f29v2b1z2,f29v2b1z2,fvbz,4,2,1,AD-40,0,4,2,0,2,0,,,5
1867,20170122,Australian_Open,Roger_Federer,Kei_Nishikori,15,0,0,0,1,15-15,0,2,1,0,,2,1,KN,6 b28 b1 f2 f3 b3 b3 s3 b3 b3w@,,,6b28b1f2f3b3b3s3b3b3w@,,0,,6b28b1f2f3b3b3s3b3b3w@,,1,,1,0,6,,b28b1f2f3b3b3s3b3b3w@,False,False,False,False,True,False,b28b1f2f3b3b3s3b3b3w,b28b1f2f3b3b3s3b3b3,bbffbbsbb,9,2,1,30-15,0,0,1,0,0,0,,,9
1894,20170122,Australian_Open,Roger_Federer,Kei_Nishikori,42,0,0,0,4,40-40,0,5,1,0,,1,2,RF,6 s28 f3 s2 f+3*,,,6s28f3s2f+3*,,0,,6s28f3s2f+3*,,1,,1,0,6,,s28f3s2f+3*,False,False,True,False,False,False,s28f3s2f3,s28f3s2f3,sfsf,4,1,1,AD-40,0,0,4,0,0,0,,,5
1896,20170122,Australian_Open,Roger_Federer,Kei_Nishikori,44,0,0,1,4,0-0,0,6,1,0,,2,1,KN,6 s38 b2 f2 f2 f3n@,,,6s38b2f2f2f3n@,,0,,6s38b2f2f2f3n@,,1,,1,0,6,,s38b2f2f2f3n@,False,False,False,False,True,False,s38b2f2f2f3n,s38b2f2f2f3,sbfff,5,2,1,15-0,0,1,4,0,0,0,,,5
1918,20170122,Australian_Open,Roger_Federer,Kei_Nishikori,66,0,0,4,5,0-30,0,10,1,0,,2,1,KN,6 b37 b+3 b2 v1*,,,6b37b+3b2v1*,,0,,6b37b+3b2v1*,,1,,1,0,6,,b37b+3b2v1*,False,False,True,False,False,False,b37b3b2v1,b37b3b2v1,bbbv,4,2,1,15-30,0,4,5,0,0,0,,,5
1924,20170122,Australian_Open,Roger_Federer,Kei_Nishikori,72,0,0,5,5,0-0,0,11,1,0,,1,2,RF,6 b38 f3 b3w@,,,6b38f3b3w@,,0,,6b38f3b3w@,,1,,1,0,6,,b38f3b3w@,False,False,False,False,True,False,b38f3b3w,b38f3b3,bfb,3,1,1,15-0,0,5,5,0,0,0,,,3
1926,20170122,Australian_Open,Roger_Federer,Kei_Nishikori,74,0,0,5,5,15-15,0,11,1,0,,1,2,RF,6 s37 f+3 b1 v1*,,,6s37f+3b1v1*,,0,,6s37f+3b1v1*,,1,,1,0,6,,s37f+3b1v1*,False,False,True,False,False,False,s37f3b1v1,s37f3b1v1,sfbv,4,1,1,30-15,0,5,5,0,0,0,,,5
1930,20170122,Australian_Open,Roger_Federer,Kei_Nishikori,78,0,0,6,5,0-0,0,12,1,0,,2,1,KN,5 s38y3 b-3w@,,,5s38y3b-3w@,,0,,5s38y3b-3w@,,1,,1,0,5,,s38y3b-3w@,False,False,False,False,True,False,s38y3b3w,s38y3b3,syb,3,2,1,15-0,0,6,5,0,0,0,,,3
1932,20170122,Australian_Open,Roger_Federer,Kei_Nishikori,80,0,0,6,5,30-0,0,12,1,0,,2,1,KN,4 f;29 b2 b1 f1 f2d#,,,4f;29b2b1f1f2d#,,0,,4f;29b2b1f1f2d#,,1,,1,0,4,,f;29b2b1f1f2d#,False,False,False,True,False,False,f29b2b1f1f2d,f29b2b1f1f2,fbbff,5,2,1,40-0,0,6,5,0,0,0,,,5
1941,20170122,Australian_Open,Roger_Federer,Kei_Nishikori,100,0,1,0,1,0-0,0,15,1,0,,1,2,RF,4 f29 f+3 s3 z1*,,,4f29f+3s3z1*,,0,,4f29f+3s3z1*,,1,,1,0,4,,f29f+3s3z1*,False,False,True,False,False,False,f29f3s3z1,f29f3s3z1,ffsz,4,1,1,15-0,0,0,1,0,0,1,,,5
1956,20170122,Australian_Open,Roger_Federer,Kei_Nishikori,115,0,1,2,2,0-0,0,18,1,0,,2,1,KN,4 f19 f;2 b1 f1 f3 b3 b1 f3 b3n#,,,4f19f;2b1f1f3b3b1f3b3n#,,0,,4f19f;2b1f1f3b3b1f3b3n#,,1,,1,0,4,,f19f;2b1f1f3b3b1f3b3n#,False,False,False,True,False,False,f19f2b1f1f3b3b1f3b3n,f19f2b1f1f3b3b1f3b3,ffbffbbfb,9,2,1,15-0,0,2,2,0,0,1,,,9
1968,20170122,Australian_Open,Roger_Federer,Kei_Nishikori,127,0,1,2,3,40-40,0,19,1,0,,1,2,RF,6 b37 f-1 f#,,,6b37f-1f#,,0,,6b37f-1f#,,1,,1,0,6,,b37f-1f#,False,False,False,True,False,False,b37f1f,b37f1f,bff,3,1,1,AD-40,0,2,3,0,0,1,,,3
1970,20170122,Australian_Open,Roger_Federer,Kei_Nishikori,129,0,1,3,3,0-0,0,20,1,0,,2,1,KN,5 f27 b3 b3 b3 s3 b1 f2 b3 b3 s1 f1 r2 f3n@,,,5f27b3b3b3s3b1f2b3b3s1f1r2f3n@,,0,,5f27b3b3b3s3b1f2b3b3s1f1r2f3n@,,1,,1,0,5,,f27b3b3b3s3b1f2b3b3s1f1r2f3n@,False,False,False,False,True,False,f27b3b3b3s3b1f2b3b3s1f1r2f3n,f27b3b3b3s3b1f2b3b3s1f1r2f3,fbbbsbfbbsfrf,13,2,1,15-0,0,3,3,0,0,1,,,13
1987,20170122,Australian_Open,Roger_Federer,Kei_Nishikori,146,0,1,5,4,0-0,0,23,1,0,,1,2,RF,4 f28 b+3*,,,4f28b+3*,,0,,4f28b+3*,,1,,1,0,4,,f28b+3*,False,False,True,False,False,False,f28b3,f28b3,fb,2,1,1,15-0,0,5,4,0,0,1,,,3
1991,20170122,Australian_Open,Roger_Federer,Kei_Nishikori,150,1,1,0,0,0-0,0,24,1,0,,2,1,KN,5 b37 b3 b2 f1 r3 s+3 b1w@,,,5b37b3b2f1r3s+3b1w@,,0,,5b37b3b2f1r3s+3b1w@,,1,,1,0,5,,b37b3b2f1r3s+3b1w@,False,False,False,False,True,False,b37b3b2f1r3s3b1w,b37b3b2f1r3s3b1,bbbfrsb,7,2,1,15-0,0,0,0,0,1,1,,,7
2008,20170122,Australian_Open,Roger_Federer,Kei_Nishikori,167,1,1,2,1,0-0,0,27,1,0,,1,2,RF,6 s17 f-3 b2d#,,,6s17f-3b2d#,,0,,6s17f-3b2d#,,1,,1,0,6,,s17f-3b2d#,False,False,False,True,False,False,s17f3b2d,s17f3b2,sfb,3,1,1,15-0,0,2,1,0,1,1,,,3
2014,20170122,Australian_Open,Roger_Federer,Kei_Nishikori,173,1,1,2,1,40-40,0,27,1,0,,1,2,RF,5 f28 f+1 l#,,,5f28f+1l#,,0,,5f28f+1l#,,1,,1,0,5,,f28f+1l#,False,False,False,True,False,False,f28f1l,f28f1l,ffl,3,1,1,AD-40,0,2,1,0,1,1,,,3
2023,20170122,Australian_Open,Roger_Federer,Kei_Nishikori,182,1,1,4,1,0-0,0,29,1,0,,1,2,RF,6 s38 f1 f1x#,,,6s38f1f1x#,,0,,6s38f1f1x#,,1,,1,0,6,,s38f1f1x#,False,False,False,True,False,False,s38f1f1x,s38f1f1,sff,3,1,1,15-0,0,4,1,0,1,1,,,3
2025,20170122,Australian_Open,Roger_Federer,Kei_Nishikori,184,1,1,4,1,30-0,0,29,1,0,,1,2,RF,4 f17 f+3 s3 o-1*,,,4f17f+3s3o-1*,,0,,4f17f+3s3o-1*,,1,,1,0,4,,f17f+3s3o-1*,False,False,True,False,False,False,f17f3s3o1,f17f3s3o1,ffso,4,1,1,40-0,0,4,1,0,1,1,,,5
2040,20170122,Australian_Open,Roger_Federer,Kei_Nishikori,199,2,1,1,0,0-30,0,32,1,0,,2,1,KN,5 f17 f1 f2 b2 b2 f+3 b3w#,,,5f17f1f2b2b2f+3b3w#,,0,,5f17f1f2b2b2f+3b3w#,,1,,1,0,5,,f17f1f2b2b2f+3b3w#,False,False,False,True,False,False,f17f1f2b2b2f3b3w,f17f1f2b2b2f3b3,fffbbfb,7,2,1,15-30,0,1,0,0,2,1,,,7
2042,20170122,Australian_Open,Roger_Federer,Kei_Nishikori,201,2,1,1,0,30-30,0,32,1,0,,2,1,KN,6 b29 b2 f2 f1 f2 b3 b3 b1 f2 f3 s3 b3 b1x#,,,6b29b2f2f1f2b3b3b1f2f3s3b3b1x#,,0,,6b29b2f2f1f2b3b3b1f2f3s3b3b1x#,,1,,1,0,6,,b29b2f2f1f2b3b3b1f2f3s3b3b1x#,False,False,False,True,False,False,b29b2f2f1f2b3b3b1f2f3s3b3b1x,b29b2f2f1f2b3b3b1f2f3s3b3b1,bbfffbbbffsbb,13,2,1,40-30,0,1,0,0,2,1,,,13
2048,20170122,Australian_Open,Roger_Federer,Kei_Nishikori,207,2,1,1,1,30-30,0,33,1,0,,1,2,RF,4 f18 f3*,,,4f18f3*,,0,,4f18f3*,,1,,1,0,4,,f18f3*,False,False,True,False,False,False,f18f3,f18f3,ff,2,1,1,40-30,0,1,1,0,2,1,,,3
2050,20170122,Australian_Open,Roger_Federer,Kei_Nishikori,209,2,1,2,1,0-0,0,34,1,0,,2,1,KN,4 f19 f3 b1 f1 f2d#,,,4f19f3b1f1f2d#,,0,,4f19f3b1f1f2d#,,1,,1,0,4,,f19f3b1f1f2d#,False,False,False,True,False,False,f19f3b1f1f2d,f19f3b1f1f2,ffbff,5,2,1,15-0,0,2,1,0,2,1,,,5
2058,20170122,Australian_Open,Roger_Federer,Kei_Nishikori,217,2,1,2,1,40-40,0,34,1,0,,2,1,KN,5 b28 b3 s2 f3*,,,5b28b3s2f3*,,0,,5b28b3s2f3*,,1,,1,0,5,,b28b3s2f3*,False,False,True,False,False,False,b28b3s2f3,b28b3s2f3,bbsf,4,2,1,AD-40,0,2,1,0,2,1,,,5
2075,20170122,Australian_Open,Roger_Federer,Kei_Nishikori,234,2,1,2,3,0-0,0,36,1,0,,2,1,KN,4 f17 f1*,,,4f17f1*,,0,,4f17f1*,,1,,1,0,4,,f17f1*,False,False,True,False,False,False,f17f1,f17f1,ff,2,2,1,15-0,0,2,3,0,2,1,,,3
2084,20170122,Australian_Open,Roger_Federer,Kei_Nishikori,243,2,1,3,4,0-0,0,38,1,0,,2,1,KN,5 s37 b3 s3 f3 s2d#,,,5s37b3s3f3s2d#,,0,,5s37b3s3f3s2d#,,1,,1,0,5,,s37b3s3f3s2d#,False,False,False,True,False,False,s37b3s3f3s2d,s37b3s3f3s2,sbsfs,5,2,1,15-0,0,3,4,0,2,1,,,5
2090,20170122,Australian_Open,Roger_Federer,Kei_Nishikori,249,2,1,3,5,0-0,0,39,1,0,,1,2,RF,4 f29 b2 b2 f3*,,,4f29b2b2f3*,,0,,4f29b2b2f3*,,1,,1,0,4,,f29b2b2f3*,False,False,True,False,False,False,f29b2b2f3,f29b2b2f3,fbbf,4,1,1,15-0,0,3,5,0,2,1,,,5
2094,20170122,Australian_Open,Roger_Federer,Kei_Nishikori,253,2,1,4,5,0-0,0,40,1,0,,2,1,KN,4 f19 f2 b3n@,,,4f19f2b3n@,,0,,4f19f2b3n@,,1,,1,0,4,,f19f2b3n@,False,False,False,False,True,False,f19f2b3n,f19f2b3,ffb,3,2,1,15-0,0,4,5,0,2,1,,,3
2132,20170122,Australian_Open,Roger_Federer,Kei_Nishikori,291,2,2,4,1,0-0,0,46,0,0,,2,1,KN,4 f28 f2 b2u3 b-3 b1*,,,4f28f2b2u3b-3b1*,,0,,4f28f2b2u3b-3b1*,,1,,1,0,4,,f28f2b2u3b-3b1*,False,False,True,False,False,False,f28f2b2u3b3b1,f28f2b2u3b3b1,ffbubb,6,2,1,15-0,0,4,1,0,2,2,,,7
2138,20170122,Australian_Open,Roger_Federer,Kei_Nishikori,297,2,2,4,1,40-40,0,46,0,0,,2,1,KN,6 b27 b3 b3 b3*,,,6b27b3b3b3*,,0,,6b27b3b3b3*,,1,,1,0,6,,b27b3b3b3*,False,False,True,False,False,False,b27b3b3b3,b27b3b3b3,bbbb,4,2,1,AD-40,0,4,1,0,2,2,,,5
2154,20160611,Stuttgart,Roger_Federer,Dominic_Thiem,1,0,0,0,0,0-0,0,1,1,0,,1,2,RF,4 f2 z3 b1x#,,,4f2z3b1x#,,0,,4f2z3b1x#,,1,,1,0,4,,f2z3b1x#,False,False,False,True,False,False,f2z3b1x,f2z3b1,fzb,3,1,1,15-0,0,0,0,0,0,0,,,3
2156,20160611,Stuttgart,Roger_Federer,Dominic_Thiem,3,0,0,0,0,15-15,0,1,1,0,,1,2,RF,4 f2 b2 s3 f3 b2d@,,,4f2b2s3f3b2d@,,0,,4f2b2s3f3b2d@,,1,,1,0,4,,f2b2s3f3b2d@,False,False,False,False,True,False,f2b2s3f3b2d,f2b2s3f3b2,fbsfb,5,1,1,30-15,0,0,0,0,0,0,,,5
2164,20160611,Stuttgart,Roger_Federer,Dominic_Thiem,11,0,0,1,1,0-0,0,3,1,0,,1,2,RF,4 f2 v3*,,,4f2v3*,,0,,4f2v3*,,1,,1,0,4,,f2v3*,False,False,True,False,False,False,f2v3,f2v3,fv,2,1,1,15-0,0,1,1,0,0,0,,,3
2180,20160611,Stuttgart,Roger_Federer,Dominic_Thiem,27,0,0,3,1,15-15,0,5,1,0,,1,2,RF,4 f2 f3 b1n@,,,4f2f3b1n@,,0,,4f2f3b1n@,,1,,1,0,4,,f2f3b1n@,False,False,False,False,True,False,f2f3b1n,f2f3b1,ffb,3,1,1,30-15,0,3,1,0,0,0,,,3
2186,20160611,Stuttgart,Roger_Federer,Dominic_Thiem,33,0,0,4,1,15-15,0,6,1,0,,2,1,DT,4 f2 v2 b3w#,,,4f2v2b3w#,,0,,4f2v2b3w#,,1,,1,0,4,,f2v2b3w#,False,False,False,True,False,False,f2v2b3w,f2v2b3,fvb,3,2,1,30-15,0,4,1,0,0,0,,,3
2200,20160611,Stuttgart,Roger_Federer,Dominic_Thiem,47,0,0,5,2,0-0,0,8,1,0,,2,1,DT,4 f1 f3 m2 o1 l1 o1*,,,4f1f3m2o1l1o1*,,0,,4f1f3m2o1l1o1*,,1,,1,0,4,,f1f3m2o1l1o1*,False,False,True,False,False,False,f1f3m2o1l1o1,f1f3m2o1l1o1,ffmolo,6,2,1,15-0,0,5,2,0,0,0,,,7
2204,20160611,Stuttgart,Roger_Federer,Dominic_Thiem,51,0,0,5,2,30-30,0,8,1,0,,2,1,DT,6 s2 f1 f2n#,,,6s2f1f2n#,,0,,6s2f1f2n#,,1,,1,0,6,,s2f1f2n#,False,False,False,True,False,False,s2f1f2n,s2f1f2,sff,3,2,1,40-30,0,5,2,0,0,0,,,3
2208,20160611,Stuttgart,Roger_Federer,Dominic_Thiem,55,0,0,5,3,30-0,0,9,1,0,,1,2,RF,4 f z2 f1 v3*,,,4fz2f1v3*,,0,,4fz2f1v3*,,1,,1,0,4,,fz2f1v3*,False,False,True,False,False,False,fz2f1v3,fz2f1v3,fzfv,4,1,1,40-0,0,5,3,0,0,0,,,5
2210,20160611,Stuttgart,Roger_Federer,Dominic_Thiem,57,1,0,0,0,0-0,0,10,1,0,,2,1,DT,5 b2 f1 f3 s2 f1 r1 f3w@,,,5b2f1f3s2f1r1f3w@,,0,,5b2f1f3s2f1r1f3w@,,1,,1,0,5,,b2f1f3s2f1r1f3w@,False,False,False,False,True,False,b2f1f3s2f1r1f3w,b2f1f3s2f1r1f3,bffsfrf,7,2,1,15-0,0,0,0,0,1,0,,,7
2216,20160611,Stuttgart,Roger_Federer,Dominic_Thiem,63,1,0,0,1,0-0,0,11,1,0,,1,2,RF,4 f2 f1*,,,4f2f1*,,0,,4f2f1*,,1,,1,0,4,,f2f1*,False,False,True,False,False,False,f2f1,f2f1,ff,2,1,1,15-0,0,0,1,0,1,0,,,3
2224,20160611,Stuttgart,Roger_Federer,Dominic_Thiem,71,1,0,0,2,0-30,0,12,1,0,,2,1,DT,4 f2 z3 b1 v1*,,,4f2z3b1v1*,,0,,4f2z3b1v1*,,1,,1,0,4,,f2z3b1v1*,False,False,True,False,False,False,f2z3b1v1,f2z3b1v1,fzbv,4,2,1,15-30,0,0,2,0,1,0,,,5
2244,20160611,Stuttgart,Roger_Federer,Dominic_Thiem,91,1,0,1,5,0-0,0,16,1,0,,2,1,DT,6 s2 v1 b1n@,,,6s2v1b1n@,,0,,6s2v1b1n@,,1,,1,0,6,,s2v1b1n@,False,False,False,False,True,False,s2v1b1n,s2v1b1,svb,3,2,1,15-0,0,1,5,0,1,0,,,3
2272,20160611,Stuttgart,Roger_Federer,Dominic_Thiem,119,1,0,5,5,30-30,0,20,1,0,,2,1,DT,6 s2 f1 f3w#,,,6s2f1f3w#,,0,,6s2f1f3w#,,1,,1,0,6,,s2f1f3w#,False,False,False,True,False,False,s2f1f3w,s2f1f3,sff,3,2,1,40-30,0,5,5,0,1,0,,,3
2288,20160611,Stuttgart,Roger_Federer,Dominic_Thiem,151,1,1,0,0,40-40,0,23,0,0,,1,2,RF,4 r2 f1 r2d#,,,4r2f1r2d#,,0,,4r2f1r2d#,,1,,1,0,4,,r2f1r2d#,False,False,False,True,False,False,r2f1r2d,r2f1r2,rfr,3,1,1,AD-40,0,0,0,0,1,1,,,3
2309,20160611,Stuttgart,Roger_Federer,Dominic_Thiem,172,1,1,2,1,40-40,0,26,0,0,,2,1,DT,c6 s2 b3 b2n#,,,6s2b3b2n#,,0,,6s2b3b2n#,,1,,1,0,6,,s2b3b2n#,False,False,False,True,False,False,s2b3b2n,s2b3b2,sbb,3,2,1,AD-40,0,2,1,0,1,1,,,3
2319,20160611,Stuttgart,Roger_Federer,Dominic_Thiem,182,1,1,2,2,40-40,0,27,0,0,,1,2,RF,6 b2 z1*,,,6b2z1*,,0,,6b2z1*,,1,,1,0,6,,b2z1*,False,False,True,False,False,False,b2z1,b2z1,bz,2,1,1,AD-40,0,2,2,0,1,1,,,3
2325,20160611,Stuttgart,Roger_Federer,Dominic_Thiem,188,1,1,3,2,30-0,0,28,0,0,,2,1,DT,4 f1 f3 m3 o1*,,,4f1f3m3o1*,,0,,4f1f3m3o1*,,1,,1,0,4,,f1f3m3o1*,False,False,True,False,False,False,f1f3m3o1,f1f3m3o1,ffmo,4,2,1,40-0,0,3,2,0,1,1,,,5
2329,20160611,Stuttgart,Roger_Federer,Dominic_Thiem,192,1,1,3,3,0-30,0,29,0,0,,1,2,RF,6 s2 b3 b3 s2 f1 f1 f1 f2 s3 b1 r2n#,,,6s2b3b3s2f1f1f1f2s3b1r2n#,,0,,6s2b3b3s2f1f1f1f2s3b1r2n#,,1,,1,0,6,,s2b3b3s2f1f1f1f2s3b1r2n#,False,False,False,True,False,False,s2b3b3s2f1f1f1f2s3b1r2n,s2b3b3s2f1f1f1f2s3b1r2,sbbsffffsbr,11,1,1,15-30,0,3,3,0,1,1,,,11
2340,20160611,Stuttgart,Roger_Federer,Dominic_Thiem,203,1,1,3,5,15-15,0,31,0,0,,1,2,RF,4 r2 f3 b3n@,,,4r2f3b3n@,,0,,4r2f3b3n@,,1,,1,0,4,,r2f3b3n@,False,False,False,False,True,False,r2f3b3n,r2f3b3,rfb,3,1,1,30-15,0,3,5,0,1,1,,,3
2342,20160611,Stuttgart,Roger_Federer,Dominic_Thiem,205,1,1,3,5,30-30,0,31,0,0,,1,2,RF,5 b2 z1 f1w@,,,5b2z1f1w@,,0,,5b2z1f1w@,,1,,1,0,5,,b2z1f1w@,False,False,False,False,True,False,b2z1f1w,b2z1f1,bzf,3,1,1,40-30,0,3,5,0,1,1,,,3
2373,20160126,Australian_Open,Roger_Federer,Tomas_Berdych,25,0,0,2,2,15-15,0,5,1,0,,1,2,RF,5 b28 f+3 b1n#,,,5b28f+3b1n#,,0,,5b28f+3b1n#,,1,,1,0,5,,b28f+3b1n#,False,False,False,True,False,False,b28f3b1n,b28f3b1,bfb,3,1,1,30-15,0,2,2,0,0,0,,,3
2378,20160126,Australian_Open,Roger_Federer,Tomas_Berdych,30,0,0,3,2,15-15,0,6,1,0,,2,1,TB,6 s27 f+3 m2 o3*,,,6s27f+3m2o3*,,0,,6s27f+3m2o3*,,1,,1,0,6,,s27f+3m2o3*,False,False,True,False,False,False,s27f3m2o3,s27f3m2o3,sfmo,4,2,1,30-15,0,3,2,0,0,0,,,5
2382,20160126,Australian_Open,Roger_Federer,Tomas_Berdych,34,0,0,3,2,40-40,0,6,1,0,,2,1,TB,6 s28 f3 s2n#,,,6s28f3s2n#,,0,,6s28f3s2n#,,1,,1,0,6,,s28f3s2n#,False,False,False,True,False,False,s28f3s2n,s28f3s2,sfs,3,2,1,AD-40,0,3,2,0,0,0,,,3
2392,20160126,Australian_Open,Roger_Federer,Tomas_Berdych,44,0,0,3,3,0-0,0,7,1,0,,1,2,RF,5 b27 f+3*,,Federer challenged correctly,5b27f+3*,,0,,5b27f+3*,,1,,1,0,5,,b27f+3*,False,False,True,False,False,False,b27f3,b27f3,bf,2,1,1,15-0,0,3,3,0,0,0,,,3
2394,20160126,Australian_Open,Roger_Federer,Tomas_Berdych,46,0,0,3,3,15-15,0,7,1,0,,1,2,RF,6+ s27 z;3 b3w@,,,6+s27z;3b3w@,,1,,6s27z;3b3w@,,1,,1,0,6,,s27z;3b3w@,False,False,False,False,True,False,s27z3b3w,s27z3b3,szb,3,1,1,30-15,0,3,3,0,0,0,,,3
2421,20160126,Australian_Open,Roger_Federer,Tomas_Berdych,73,0,0,6,5,0-0,0,12,1,0,,2,1,TB,4 f28 f2 f3 b3 b1 r2 f3 b3 b2d@,,,4f28f2f3b3b1r2f3b3b2d@,,0,,4f28f2f3b3b1r2f3b3b2d@,,1,,1,0,4,,f28f2f3b3b1r2f3b3b2d@,False,False,False,False,True,False,f28f2f3b3b1r2f3b3b2d,f28f2f3b3b1r2f3b3b2,fffbbrfbb,9,2,1,15-0,0,6,5,0,0,0,,,9
2434,20160126,Australian_Open,Roger_Federer,Tomas_Berdych,97,1,0,1,0,15-15,0,15,1,0,,1,2,RF,5 b28 f+3 s2 v1*,,,5b28f+3s2v1*,,0,,5b28f+3s2v1*,,1,,1,0,5,,b28f+3s2v1*,False,False,True,False,False,False,b28f3s2v1,b28f3s2v1,bfsv,4,1,1,30-15,0,1,0,0,1,0,,,5
2441,20160126,Australian_Open,Roger_Federer,Tomas_Berdych,104,1,0,2,0,30-30,0,16,1,0,,2,1,TB,6 s28 b2 b2 f1 f2d@,,,6s28b2b2f1f2d@,,0,,6s28b2b2f1f2d@,,1,,1,0,6,,s28b2b2f1f2d@,False,False,False,False,True,False,s28b2b2f1f2d,s28b2b2f1f2,sbbff,5,2,1,40-30,0,2,0,0,1,0,,,5
2443,20160126,Australian_Open,Roger_Federer,Tomas_Berdych,106,1,0,2,0,40-40,0,16,1,0,,2,1,TB,4 f18 f1 f2 f+3 s2 v1*,,,4f18f1f2f+3s2v1*,,0,,4f18f1f2f+3s2v1*,,1,,1,0,4,,f18f1f2f+3s2v1*,False,False,True,False,False,False,f18f1f2f3s2v1,f18f1f2f3s2v1,ffffsv,6,2,1,AD-40,0,2,0,0,1,0,,,7
2476,20160126,Australian_Open,Roger_Federer,Tomas_Berdych,139,2,0,0,1,0-0,0,23,1,0,,1,2,RF,6 b27 f+3*,,,6b27f+3*,,0,,6b27f+3*,,1,,1,0,6,,b27f+3*,False,False,True,False,False,False,b27f3,b27f3,bf,2,1,1,15-0,0,0,1,0,2,0,,,3
2492,20160126,Australian_Open,Roger_Federer,Tomas_Berdych,155,2,0,1,2,30-0,0,25,1,0,,1,2,RF,6+ s27 f1*,,,6+s27f1*,,1,,6s27f1*,,1,,1,0,6,,s27f1*,False,False,True,False,False,False,s27f1,s27f1,sf,2,1,1,40-0,0,1,2,0,2,0,,,3
2500,20160126,Australian_Open,Roger_Federer,Tomas_Berdych,163,2,0,2,2,40-40,0,26,1,0,,2,1,TB,4 r28 f+3*,,,4r28f+3*,,0,,4r28f+3*,,1,,1,0,4,,r28f+3*,False,False,True,False,False,False,r28f3,r28f3,rf,2,2,1,AD-40,0,2,2,0,2,0,,,3
2508,20160126,Australian_Open,Roger_Federer,Tomas_Berdych,171,2,0,2,3,40-40,0,27,1,0,,1,2,RF,6 b28 f+1 r#,,,6b28f+1r#,,0,,6b28f+1r#,,1,,1,0,6,,b28f+1r#,False,False,False,True,False,False,b28f1r,b28f1r,bfr,3,1,1,AD-40,0,2,3,0,2,0,,,3
2512,20160126,Australian_Open,Roger_Federer,Tomas_Berdych,175,2,0,3,3,15-15,0,28,1,0,,2,1,TB,5 s28 f3*,,,5s28f3*,,0,,5s28f3*,,1,,1,0,5,,s28f3*,False,False,True,False,False,False,s28f3,s28f3,sf,2,2,1,30-15,0,3,3,0,2,0,,,3
2515,20160126,Australian_Open,Roger_Federer,Tomas_Berdych,178,2,0,3,4,0-0,0,29,1,0,,1,2,RF,4 f28 f+3 s1 v1*,,,4f28f+3s1v1*,,0,,4f28f+3s1v1*,,1,,1,0,4,,f28f+3s1v1*,False,False,True,False,False,False,f28f3s1v1,f28f3s1v1,ffsv,4,1,1,15-0,0,3,4,0,2,0,,,5
2527,20160126,Australian_Open,Roger_Federer,Tomas_Berdych,190,2,0,4,4,40-40,0,30,1,0,,2,1,TB,5 s28 f2 f2 f1 f2 f3 s1w@,,,5s28f2f2f1f2f3s1w@,,0,,5s28f2f2f1f2f3s1w@,,1,,1,0,5,,s28f2f2f1f2f3s1w@,False,False,False,False,True,False,s28f2f2f1f2f3s1w,s28f2f2f1f2f3s1,sfffffs,7,2,1,AD-40,0,4,4,0,2,0,,,7
2531,20160126,Australian_Open,Roger_Federer,Tomas_Berdych,194,2,0,5,4,0-0,0,31,1,0,,1,2,RF,4 f28 f1*,,,4f28f1*,,0,,4f28f1*,,1,,1,0,4,,f28f1*,False,False,True,False,False,False,f28f1,f28f1,ff,2,1,1,15-0,0,5,4,0,2,0,,,3
2533,20160126,Australian_Open,Roger_Federer,Tomas_Berdych,196,2,0,5,4,30-0,0,31,1,0,,1,2,RF,4+ r27 z3*,,,4+r27z3*,,1,,4r27z3*,,1,,1,0,4,,r27z3*,False,False,True,False,False,False,r27z3,r27z3,rz,2,1,1,40-0,0,5,4,0,2,0,,,3
2536,20160120,Australian_Open,Roger_Federer_,Alexandr_Dolgopolov,1,0,0,0,0,0-0,0,1,1,0,,1,2,RF,6 b f f b f@,,Full match link on youtube: https://www.youtube.com/watch?v=UZ-uSLSN0xE,6bffbf@,,0,,6bffbf@,,1,,1,0,6,,bffbf@,False,False,False,False,True,False,bffbf,bffbf,bffbf,5,1,1,15-0,0,0,0,0,0,0,,,5
2582,20160120,Australian_Open,Roger_Federer_,Alexandr_Dolgopolov,47,0,0,5,3,30-30,0,9,1,0,,1,2,RF,4 r f b z l#,,,4rfbzl#,,0,,4rfbzl#,,1,,1,0,4,,rfbzl#,False,False,False,True,False,False,rfbzl,rfbzl,rfbzl,5,1,1,40-30,0,5,3,0,0,0,,,5
2590,20160120,Australian_Open,Roger_Federer_,Alexandr_Dolgopolov,55,1,0,0,0,40-40,0,10,1,0,,2,1,AD,4 f f*,,,4ff*,,0,,4ff*,,1,,1,0,4,,ff*,False,False,True,False,False,False,ff,ff,ff,2,2,1,AD-40,0,0,0,0,1,0,,,3
2611,20160120,Australian_Open,Roger_Federer_,Alexandr_Dolgopolov,76,1,0,2,2,30-30,0,14,1,0,,2,1,AD,4 f f s#,,,4ffs#,,0,,4ffs#,,1,,1,0,4,,ffs#,False,False,False,True,False,False,ffs,ffs,ffs,3,2,1,40-30,0,2,2,0,1,0,,,3
2615,20160120,Australian_Open,Roger_Federer_,Alexandr_Dolgopolov,80,1,0,2,2,40-40,0,14,1,0,,2,1,AD,4 f b b f f f r f r f s#,,,4fbbfffrfrfs#,,0,,4fbbfffrfrfs#,,1,,1,0,4,,fbbfffrfrfs#,False,False,False,True,False,False,fbbfffrfrfs,fbbfffrfrfs,fbbfffrfrfs,11,2,1,AD-40,0,2,2,0,1,0,,,11
2636,20160120,Australian_Open,Roger_Federer_,Alexandr_Dolgopolov,101,1,0,4,4,0-0,0,18,1,0,,2,1,AD,6 s f b s f r bx@,,,6sfbsfrbx@,,0,,6sfbsfrbx@,,1,,1,0,6,,sfbsfrbx@,False,False,False,False,True,False,sfbsfrbx,sfbsfrb,sfbsfrb,7,2,1,15-0,0,4,4,0,1,0,,,7
2638,20160120,Australian_Open,Roger_Federer_,Alexandr_Dolgopolov,103,1,0,4,4,30-0,0,18,1,0,,2,1,AD,4 f s bn@,,,4fsbn@,,0,,4fsbn@,,1,,1,0,4,,fsbn@,False,False,False,False,True,False,fsbn,fsb,fsb,3,2,1,40-0,0,4,4,0,1,0,,,3
2651,20160120,Australian_Open,Roger_Federer_,Alexandr_Dolgopolov,116,1,0,5,5,30-30,0,20,1,0,,2,1,AD,6 s f f#,,,6sff#,,0,,6sff#,,1,,1,0,6,,sff#,False,False,False,True,False,False,sff,sff,sff,3,2,1,40-30,0,5,5,0,1,0,,,3
2665,20160120,Australian_Open,Roger_Federer_,Alexandr_Dolgopolov,130,2,0,0,0,0-0,0,22,1,0,,2,1,AD,6 b f b f*,,,6bfbf*,,0,,6bfbf*,,1,,1,0,6,,bfbf*,False,False,True,False,False,False,bfbf,bfbf,bfbf,4,2,1,15-0,0,0,0,0,2,0,,,5
2687,20160120,Australian_Open,Roger_Federer_,Alexandr_Dolgopolov,152,2,0,3,1,0-0,0,26,1,0,,2,1,AD,5 s f*,,,5sf*,,0,,5sf*,,1,,1,0,5,,sf*,False,False,True,False,False,False,sf,sf,sf,2,2,1,15-0,0,3,1,0,2,0,,,3
2705,20160110,Brisbane,Roger_Federer,Milos_Raonic,1,0,0,0,0,0-0,0,1,1,0,,1,2,RF,4 f18 f2 b2 f1 f1d@,,,4f18f2b2f1f1d@,,0,,4f18f2b2f1f1d@,,1,,1,0,4,,f18f2b2f1f1d@,False,False,False,False,True,False,f18f2b2f1f1d,f18f2b2f1f1,ffbff,5,1,1,15-0,0,0,0,0,0,0,,,5
2713,20160110,Brisbane,Roger_Federer,Milos_Raonic,9,0,0,1,0,15-15,0,2,1,0,,2,1,MR,4 f38 f3 s;2 f-3 b3w@,,,4f38f3s;2f-3b3w@,,0,,4f38f3s;2f-3b3w@,,1,,1,0,4,,f38f3s;2f-3b3w@,False,False,False,False,True,False,f38f3s2f3b3w,f38f3s2f3b3,ffsfb,5,2,1,30-15,0,1,0,0,0,0,,,5
2736,20160110,Brisbane,Roger_Federer,Milos_Raonic,32,0,0,2,2,40-40,0,5,1,0,,1,2,RF,4 f28 f1 r2 f+1 f1n@,,,4f28f1r2f+1f1n@,,0,,4f28f1r2f+1f1n@,,1,,1,0,4,,f28f1r2f+1f1n@,False,False,False,False,True,False,f28f1r2f1f1n,f28f1r2f1f1,ffrff,5,1,1,AD-40,0,2,2,0,0,0,,,5
2742,20160110,Brisbane,Roger_Federer,Milos_Raonic,38,0,0,3,2,30-30,0,6,1,0,,2,1,MR,6 s37 f-1*,,,6s37f-1*,,0,,6s37f-1*,,1,,1,0,6,,s37f-1*,False,False,True,False,False,False,s37f1,s37f1,sf,2,2,1,40-30,0,3,2,0,0,0,,,3
2775,20160110,Brisbane,Roger_Federer,Milos_Raonic,71,0,1,1,0,0-0,0,12,1,0,,2,1,MR,5 b29 f3 b2n@,,,5b29f3b2n@,,0,,5b29f3b2n@,,1,,1,0,5,,b29f3b2n@,False,False,False,False,True,False,b29f3b2n,b29f3b2,bfb,3,2,1,15-0,0,1,0,0,0,1,,,3
2777,20160110,Brisbane,Roger_Federer,Milos_Raonic,73,0,1,1,0,30-0,0,12,1,0,,2,1,MR,6 s37 s+3 b1 v3 b1w@,,,6s37s+3b1v3b1w@,,0,,6s37s+3b1v3b1w@,,1,,1,0,6,,s37s+3b1v3b1w@,False,False,False,False,True,False,s37s3b1v3b1w,s37s3b1v3b1,ssbvb,5,2,1,40-0,0,1,0,0,0,1,,,5
2786,20160110,Brisbane,Roger_Federer,Milos_Raonic,82,0,1,2,1,0-0,0,14,1,0,,2,1,MR,4 s29 f3 b2 f1 f1 f1 f;2 f1*,,,4s29f3b2f1f1f1f;2f1*,,0,,4s29f3b2f1f1f1f;2f1*,,1,,1,0,4,,s29f3b2f1f1f1f;2f1*,False,False,True,False,False,False,s29f3b2f1f1f1f2f1,s29f3b2f1f1f1f2f1,sfbfffff,8,2,1,15-0,0,2,1,0,0,1,,,9
2788,20160110,Brisbane,Roger_Federer,Milos_Raonic,84,0,1,2,1,15-15,0,14,1,0,,2,1,MR,6+ s2 z3 b3n#,,,6+s2z3b3n#,,1,,6s2z3b3n#,,1,,1,0,6,,s2z3b3n#,False,False,False,True,False,False,s2z3b3n,s2z3b3,szb,3,2,1,30-15,0,2,1,0,0,1,,,3
2790,20160110,Brisbane,Roger_Federer,Milos_Raonic,86,0,1,2,1,30-30,0,14,1,0,,2,1,MR,4 r27 f-1*,,,4r27f-1*,,0,,4r27f-1*,,1,,1,0,4,,r27f-1*,False,False,True,False,False,False,r27f1,r27f1,rf,2,2,1,40-30,0,2,1,0,0,1,,,3
2796,20160110,Brisbane,Roger_Federer,Milos_Raonic,92,0,1,2,2,0-0,0,15,1,0,,1,2,RF,5 b;29 b3 b3 b2 f1 f2 s3w@,,,5b;29b3b3b2f1f2s3w@,,0,,5b;29b3b3b2f1f2s3w@,,1,,1,0,5,,b;29b3b3b2f1f2s3w@,False,False,False,False,True,False,b29b3b3b2f1f2s3w,b29b3b3b2f1f2s3,bbbbffs,7,1,1,15-0,0,2,2,0,0,1,,,7
2811,20160110,Brisbane,Roger_Federer,Milos_Raonic,107,0,1,3,4,0-0,0,18,1,0,,2,1,MR,4 f27 f-3 b2d#,,,4f27f-3b2d#,,0,,4f27f-3b2d#,,1,,1,0,4,,f27f-3b2d#,False,False,False,True,False,False,f27f3b2d,f27f3b2,ffb,3,2,1,15-0,0,3,4,0,0,1,,,3
2813,20160110,Brisbane,Roger_Federer,Milos_Raonic,109,0,1,3,4,30-0,0,18,1,0,,2,1,MR,4+ f27 h3 b3 z1*,,,4+f27h3b3z1*,,1,,4f27h3b3z1*,,1,,1,0,4,,f27h3b3z1*,False,False,True,False,False,False,f27h3b3z1,f27h3b3z1,fhbz,4,2,1,40-0,0,3,4,0,0,1,,,5
2823,20160110,Brisbane,Roger_Federer,Milos_Raonic,119,0,1,4,5,30-30,0,20,1,0,,2,1,MR,6 s18 f+3 b3n@,,,6s18f+3b3n@,,0,,6s18f+3b3n@,,1,,1,0,6,,s18f+3b3n@,False,False,False,False,True,False,s18f3b3n,s18f3b3,sfb,3,2,1,40-30,0,4,5,0,0,1,,,3
2858,20160109,Brisbane,Roger_Federer,Dominic_Thiem,34,0,0,5,0,30-0,0,6,1,0,,2,1,DT,6 s29 f3 s3n@,,,6s29f3s3n@,,0,,6s29f3s3n@,,1,,1,0,6,,s29f3s3n@,False,False,False,False,True,False,s29f3s3n,s29f3s3,sfs,3,2,1,40-0,0,5,0,0,0,0,,,3
2901,20160109,Brisbane,Roger_Federer,Dominic_Thiem,77,1,0,3,3,0-30,0,14,1,0,,2,1,DT,4 f29 b3 s2d#,,,4f29b3s2d#,,0,,4f29b3s2d#,,1,,1,0,4,,f29b3s2d#,False,False,False,True,False,False,f29b3s2d,f29b3s2,fbs,3,2,1,15-30,0,3,3,0,1,0,,,3
2908,20160109,Brisbane,Roger_Federer,Dominic_Thiem,84,1,0,5,3,0-0,0,16,1,0,,2,1,DT,6 s27 f-1*,,,6s27f-1*,,0,,6s27f-1*,,1,,1,0,6,,s27f-1*,False,False,True,False,False,False,s27f1,s27f1,sf,2,2,1,15-0,0,5,3,0,1,0,,,3
2912,20160109,Brisbane,Roger_Federer,Dominic_Thiem,88,1,0,5,3,30-30,0,16,1,0,,2,1,DT,6 s27 f-2 b3w#,,,6s27f-2b3w#,,0,,6s27f-2b3w#,,1,,1,0,6,,s27f-2b3w#,False,False,False,True,False,False,s27f2b3w,s27f2b3,sfb,3,2,1,40-30,0,5,3,0,1,0,,,3
2940,20160108,Brisbane,Roger_Federer,Grigor_Dimitrov,12,0,0,1,1,30-0,0,3,1,0,,1,2,RF,6 s2 f1 f1x#,,,6s2f1f1x#,,0,,6s2f1f1x#,,1,,1,0,6,,s2f1f1x#,False,False,False,True,False,False,s2f1f1x,s2f1f1,sff,3,1,1,40-0,0,1,1,0,0,0,,,3
2944,20160108,Brisbane,Roger_Federer,Grigor_Dimitrov,16,0,0,2,1,15-15,0,4,1,0,,2,1,GD,4 f2 f3*,,,4f2f3*,,0,,4f2f3*,,1,,1,0,4,,f2f3*,False,False,True,False,False,False,f2f3,f2f3,ff,2,2,1,30-15,0,2,1,0,0,0,,,3
2948,20160108,Brisbane,Roger_Federer,Grigor_Dimitrov,20,0,0,2,2,0-0,0,5,1,0,,1,2,RF,4 f2 b3 b2n#,,,4f2b3b2n#,,0,,4f2b3b2n#,,1,,1,0,4,,f2b3b2n#,False,False,False,True,False,False,f2b3b2n,f2b3b2,fbb,3,1,1,15-0,0,2,2,0,0,0,,,3
2950,20160108,Brisbane,Roger_Federer,Grigor_Dimitrov,22,0,0,2,2,30-0,0,5,1,0,,1,2,RF,4 f2 f2 f2 s2 s2 v2 b1n#,,,4f2f2f2s2s2v2b1n#,,0,,4f2f2f2s2s2v2b1n#,,1,,1,0,4,,f2f2f2s2s2v2b1n#,False,False,False,True,False,False,f2f2f2s2s2v2b1n,f2f2f2s2s2v2b1,fffssvb,7,1,1,40-0,0,2,2,0,0,0,,,7
2960,20160108,Brisbane,Roger_Federer,Grigor_Dimitrov,32,0,0,3,3,0-0,0,7,1,0,,1,2,RF,6 s2 v2 f2 v1*,,,6s2v2f2v1*,,0,,6s2v2f2v1*,,1,,1,0,6,,s2v2f2v1*,False,False,True,False,False,False,s2v2f2v1,s2v2f2v1,svfv,4,1,1,15-0,0,3,3,0,0,0,,,5
2969,20160108,Brisbane,Roger_Federer,Grigor_Dimitrov,41,0,0,4,3,30-30,0,8,1,0,,2,1,GD,4 f2 f3 mw#,,,4f2f3mw#,,0,,4f2f3mw#,,1,,1,0,4,,f2f3mw#,False,False,False,True,False,False,f2f3mw,f2f3m,ffm,3,2,1,40-30,0,4,3,0,0,0,,,3
2971,20160108,Brisbane,Roger_Federer,Grigor_Dimitrov,43,0,0,4,4,0-0,0,9,1,0,,1,2,RF,5 r2 f1 f3 b3 s3 f3*,,,5r2f1f3b3s3f3*,,0,,5r2f1f3b3s3f3*,,1,,1,0,5,,r2f1f3b3s3f3*,False,False,True,False,False,False,r2f1f3b3s3f3,r2f1f3b3s3f3,rffbsf,6,1,1,15-0,0,4,4,0,0,0,,,7
2976,20160108,Brisbane,Roger_Federer,Grigor_Dimitrov,48,0,0,5,4,0-0,0,10,1,0,,2,1,GD,4 f3 s3 b2 f2 f3 b3 b2 f1 f2 f3 m1d#,,,4f3s3b2f2f3b3b2f1f2f3m1d#,,0,,4f3s3b2f2f3b3b2f1f2f3m1d#,,1,,1,0,4,,f3s3b2f2f3b3b2f1f2f3m1d#,False,False,False,True,False,False,f3s3b2f2f3b3b2f1f2f3m1d,f3s3b2f2f3b3b2f1f2f3m1,fsbffbbfffm,11,2,1,15-0,0,5,4,0,0,0,,,11
2984,20160108,Brisbane,Roger_Federer,Grigor_Dimitrov,56,1,0,0,0,0-0,0,11,1,0,,1,2,RF,5 b1 f3 b2d#,,,5b1f3b2d#,,0,,5b1f3b2d#,,1,,1,0,5,,b1f3b2d#,False,False,False,True,False,False,b1f3b2d,b1f3b2,bfb,3,1,1,15-0,0,0,0,0,1,0,,,3
2986,20160108,Brisbane,Roger_Federer,Grigor_Dimitrov,58,1,0,0,0,30-0,0,11,1,0,,1,2,RF,4 f2 f2 b2n#,,,4f2f2b2n#,,0,,4f2f2b2n#,,1,,1,0,4,,f2f2b2n#,False,False,False,True,False,False,f2f2b2n,f2f2b2,ffb,3,1,1,40-0,0,0,0,0,1,0,,,3
3004,20160108,Brisbane,Roger_Federer,Grigor_Dimitrov,76,1,0,2,1,15-15,0,14,1,0,,2,1,GD,6 b2 b2 b2 b1*,,,6b2b2b2b1*,,0,,6b2b2b2b1*,,1,,1,0,6,,b2b2b2b1*,False,False,True,False,False,False,b2b2b2b1,b2b2b2b1,bbbb,4,2,1,30-15,0,2,1,0,1,0,,,5
3011,20160108,Brisbane,Roger_Federer,Grigor_Dimitrov,83,1,0,2,2,30-30,0,15,1,0,,1,2,RF,4 f2 b2 b2n@,,,4f2b2b2n@,,0,,4f2b2b2n@,,1,,1,0,4,,f2b2b2n@,False,False,False,False,True,False,f2b2b2n,f2b2b2,fbb,3,1,1,40-30,0,2,2,0,1,0,,,3
3017,20160108,Brisbane,Roger_Federer,Grigor_Dimitrov,89,1,0,3,2,30-30,0,16,1,0,,2,1,GD,6 b2 f1 f2 b3 m2 o1*,,,6b2f1f2b3m2o1*,,0,,6b2f1f2b3m2o1*,,1,,1,0,6,,b2f1f2b3m2o1*,False,False,True,False,False,False,b2f1f2b3m2o1,b2f1f2b3m2o1,bffbmo,6,2,1,40-30,0,3,2,0,1,0,,,7
3023,20160108,Brisbane,Roger_Federer,Grigor_Dimitrov,95,1,0,3,2,40-40,0,16,1,0,,2,1,GD,5 b2 f3 b1 v1 f3 z3 tw#,,,5b2f3b1v1f3z3tw#,,0,,5b2f3b1v1f3z3tw#,,1,,1,0,5,,b2f3b1v1f3z3tw#,False,False,False,True,False,False,b2f3b1v1f3z3tw,b2f3b1v1f3z3t,bfbvfzt,7,2,1,AD-40,0,3,2,0,1,0,,,7
3027,20160108,Brisbane,Roger_Federer,Grigor_Dimitrov,99,1,0,3,3,0-30,0,17,1,0,,1,2,RF,6 s2 v3*,,,6s2v3*,,0,,6s2v3*,,1,,1,0,6,,s2v3*,False,False,True,False,False,False,s2v3,s2v3,sv,2,1,1,15-30,0,3,3,0,1,0,,,3
3030,20160108,Brisbane,Roger_Federer,Grigor_Dimitrov,102,1,0,3,4,0-0,0,18,1,0,,2,1,GD,4 f2 f1*,,,4f2f1*,,0,,4f2f1*,,1,,1,0,4,,f2f1*,False,False,True,False,False,False,f2f1,f2f1,ff,2,2,1,15-0,0,3,4,0,1,0,,,3
3034,20160108,Brisbane,Roger_Federer,Grigor_Dimitrov,106,1,0,3,5,0-0,0,19,1,0,,1,2,RF,4 t2 f2 mn#,,,4t2f2mn#,,0,,4t2f2mn#,,1,,1,0,4,,t2f2mn#,False,False,False,True,False,False,t2f2mn,t2f2m,tfm,3,1,1,15-0,0,3,5,0,1,0,,,3
3036,20160108,Brisbane,Roger_Federer,Grigor_Dimitrov,108,1,0,3,5,30-0,0,19,1,0,,1,2,RF,c6 s2 f2 m2d#,,,6s2f2m2d#,,0,,6s2f2m2d#,,1,,1,0,6,,s2f2m2d#,False,False,False,True,False,False,s2f2m2d,s2f2m2,sfm,3,1,1,40-0,0,3,5,0,1,0,,,3
3079,20160108,Brisbane,Roger_Federer,Grigor_Dimitrov,162,1,1,3,2,15-15,0,29,1,0,,1,2,RF,4 f2 f2 f1 f2 f2 f2 f2 f1 r2 f3 b2 z3 b2 v1*,,,4f2f2f1f2f2f2f2f1r2f3b2z3b2v1*,,0,,4f2f2f1f2f2f2f2f1r2f3b2z3b2v1*,,1,,1,0,4,,f2f2f1f2f2f2f2f1r2f3b2z3b2v1*,False,False,True,False,False,False,f2f2f1f2f2f2f2f1r2f3b2z3b2v1,f2f2f1f2f2f2f2f1r2f3b2z3b2v1,ffffffffrfbzbv,14,1,1,30-15,0,3,2,0,1,1,,,15
3084,20160108,Brisbane,Roger_Federer,Grigor_Dimitrov,167,1,1,4,2,0-30,0,30,1,0,,2,1,GD,5 b2 f2 f3w@,,,5b2f2f3w@,,0,,5b2f2f3w@,,1,,1,0,5,,b2f2f3w@,False,False,False,False,True,False,b2f2f3w,b2f2f3,bff,3,2,1,15-30,0,4,2,0,1,1,,,3
3099,20160108,Brisbane,Roger_Federer,Grigor_Dimitrov,182,1,1,5,3,40-40,0,32,1,0,,2,1,GD,4 f2 b2 b2n#,,,4f2b2b2n#,,0,,4f2b2b2n#,,1,,1,0,4,,f2b2b2n#,False,False,False,True,False,False,f2b2b2n,f2b2b2,fbb,3,2,1,AD-40,0,5,3,0,1,1,,,3
3107,20151122,Tour_Finals,Roger_Federer,Novak_Djokovic,3,0,0,0,0,15-15,0,1,1,0,,1,2,RF,4 f28 f+3*,,,4f28f+3*,,0,,4f28f+3*,,1,,1,0,4,,f28f+3*,False,False,True,False,False,False,f28f3,f28f3,ff,2,1,1,30-15,0,0,0,0,0,0,,,3
3111,20151122,Tour_Finals,Roger_Federer,Novak_Djokovic,7,0,0,0,0,40-40,0,1,1,0,,1,2,RF,6 s29 f1 f1 f1 f1 f1 f1 f;2 b3 b3 b3 b2 f1 f1 f1n@,,,6s29f1f1f1f1f1f1f;2b3b3b3b2f1f1f1n@,,0,,6s29f1f1f1f1f1f1f;2b3b3b3b2f1f1f1n@,,1,,1,0,6,,s29f1f1f1f1f1f1f;2b3b3b3b2f1f1f1n@,False,False,False,False,True,False,s29f1f1f1f1f1f1f2b3b3b3b2f1f1f1n,s29f1f1f1f1f1f1f2b3b3b3b2f1f1f1,sfffffffbbbbfff,15,1,1,AD-40,0,0,0,0,0,0,,,15
3135,20151122,Tour_Finals,Roger_Federer,Novak_Djokovic,31,0,0,1,3,30-0,0,5,1,0,,1,2,RF,6 b28 v3 m2 o1*,,,6b28v3m2o1*,,0,,6b28v3m2o1*,,1,,1,0,6,,b28v3m2o1*,False,False,True,False,False,False,b28v3m2o1,b28v3m2o1,bvmo,4,1,1,40-0,0,1,3,0,0,0,,,5
3139,20151122,Tour_Finals,Roger_Federer,Novak_Djokovic,35,0,0,2,3,0-30,0,6,1,0,,2,1,ND,4 f19 f1 f3 b3 s2 s3 s3 b2 b3 b3 f1 f1 f2 b3 b3n@,,,4f19f1f3b3s2s3s3b2b3b3f1f1f2b3b3n@,,0,,4f19f1f3b3s2s3s3b2b3b3f1f1f2b3b3n@,,1,,1,0,4,,f19f1f3b3s2s3s3b2b3b3f1f1f2b3b3n@,False,False,False,False,True,False,f19f1f3b3s2s3s3b2b3b3f1f1f2b3b3n,f19f1f3b3s2s3s3b2b3b3f1f1f2b3b3,fffbsssbbbfffbb,15,2,1,15-30,0,2,3,0,0,0,,,15
3147,20151122,Tour_Finals,Roger_Federer,Novak_Djokovic,43,0,0,2,4,0-0,0,7,1,0,,1,2,RF,4 f29 f3*,,,4f29f3*,,0,,4f29f3*,,1,,1,0,4,,f29f3*,False,False,True,False,False,False,f29f3,f29f3,ff,2,1,1,15-0,0,2,4,0,0,0,,,3
3151,20151122,Tour_Finals,Roger_Federer,Novak_Djokovic,47,0,0,2,4,30-30,0,7,1,0,,1,2,RF,4 f28 f+2 b3 z1*,,,4f28f+2b3z1*,,0,,4f28f+2b3z1*,,1,,1,0,4,,f28f+2b3z1*,False,False,True,False,False,False,f28f2b3z1,f28f2b3z1,ffbz,4,1,1,40-30,0,2,4,0,0,0,,,5
3194,20151122,Tour_Finals,Roger_Federer,Novak_Djokovic,90,0,1,2,3,15-15,0,15,1,0,,1,2,RF,4 f19 f+3 b3 z1*,,,4f19f+3b3z1*,,0,,4f19f+3b3z1*,,1,,1,0,4,,f19f+3b3z1*,False,False,True,False,False,False,f19f3b3z1,f19f3b3z1,ffbz,4,1,1,30-15,0,2,3,0,0,1,,,5
3197,20151122,Tour_Finals,Roger_Federer,Novak_Djokovic,93,0,1,3,3,0-0,0,16,1,0,,2,1,ND,4 f29 b3 b3n@,,,4f29b3b3n@,,0,,4f29b3b3n@,,1,,1,0,4,,f29b3b3n@,False,False,False,False,True,False,f29b3b3n,f29b3b3,fbb,3,2,1,15-0,0,3,3,0,0,1,,,3
3216,20151122,Tour_Finals,Roger_Federer,Novak_Djokovic,112,0,1,4,5,0-30,0,19,1,0,,1,2,RF,6 b29 f1 f1w@,,,6b29f1f1w@,,0,,6b29f1f1w@,,1,,1,0,6,,b29f1f1w@,False,False,False,False,True,False,b29f1f1w,b29f1f1,bff,3,1,1,15-30,0,4,5,0,0,1,,,3
3220,20151121,Tour_Finals,Roger_Federer,Stanislas_Wawrinka,1,0,0,0,0,0-0,0,1,1,0,,1,2,RF,4+ f28 z3 b3 z1*,,,4+f28z3b3z1*,,1,,4f28z3b3z1*,,1,,1,0,4,,f28z3b3z1*,False,False,True,False,False,False,f28z3b3z1,f28z3b3z1,fzbz,4,1,1,15-0,0,0,0,0,0,0,,,5
3260,20151121,Tour_Finals,Roger_Federer,Stanislas_Wawrinka,41,0,0,3,4,0-0,0,8,1,0,,2,1,SW,6 b27 f+1 f2 z3*,,,6b27f+1f2z3*,,0,,6b27f+1f2z3*,,1,,1,0,6,,b27f+1f2z3*,False,False,True,False,False,False,b27f1f2z3,b27f1f2z3,bffz,4,2,1,15-0,0,3,4,0,0,0,,,5
3267,20151121,Tour_Finals,Roger_Federer,Stanislas_Wawrinka,48,0,0,4,4,15-15,0,9,1,0,,1,2,RF,6 s27 f-3*,,,6s27f-3*,,0,,6s27f-3*,,1,,1,0,6,,s27f-3*,False,False,True,False,False,False,s27f3,s27f3,sf,2,1,1,30-15,0,4,4,0,0,0,,,3
3270,20151121,Tour_Finals,Roger_Federer,Stanislas_Wawrinka,51,0,0,5,4,0-0,0,10,1,0,,2,1,SW,6 s37 b1*,,,6s37b1*,,0,,6s37b1*,,1,,1,0,6,,s37b1*,False,False,True,False,False,False,s37b1,s37b1,sb,2,2,1,15-0,0,5,4,0,0,0,,,3
3275,20151121,Tour_Finals,Roger_Federer,Stanislas_Wawrinka,56,0,0,5,5,0-0,0,11,1,0,,1,2,RF,6 s28 f+3 b3 z1 l2 o3*,,,6s28f+3b3z1l2o3*,,0,,6s28f+3b3z1l2o3*,,1,,1,0,6,,s28f+3b3z1l2o3*,False,False,True,False,False,False,s28f3b3z1l2o3,s28f3b3z1l2o3,sfbzlo,6,1,1,15-0,0,5,5,0,0,0,,,7
3277,20151121,Tour_Finals,Roger_Federer,Stanislas_Wawrinka,58,0,0,5,5,30-0,0,11,1,0,,1,2,RF,4+ f17 v1 r2 v3*,,,4+f17v1r2v3*,,1,,4f17v1r2v3*,,1,,1,0,4,,f17v1r2v3*,False,False,True,False,False,False,f17v1r2v3,f17v1r2v3,fvrv,4,1,1,40-0,0,5,5,0,0,0,,,5
3288,20151121,Tour_Finals,Roger_Federer,Stanislas_Wawrinka,69,1,0,0,0,30-30,0,13,1,0,,1,2,RF,6 s27 f+3 m2 o2*,,,6s27f+3m2o2*,,0,,6s27f+3m2o2*,,1,,1,0,6,,s27f+3m2o2*,False,False,True,False,False,False,s27f3m2o2,s27f3m2o2,sfmo,4,1,1,40-30,0,0,0,0,1,0,,,5
3298,20151121,Tour_Finals,Roger_Federer,Stanislas_Wawrinka,79,1,0,2,0,15-15,0,15,1,0,,1,2,RF,4+ f28 v3*,,,4+f28v3*,,1,,4f28v3*,,1,,1,0,4,,f28v3*,False,False,True,False,False,False,f28v3,f28v3,fv,2,1,1,30-15,0,2,0,0,1,0,,,3
3322,20151121,Tour_Finals,Roger_Federer,Stanislas_Wawrinka,103,1,0,4,1,15-15,0,18,1,0,,2,1,SW,5 b28 b3 s3w#,,,5b28b3s3w#,,0,,5b28b3s3w#,,1,,1,0,5,,b28b3s3w#,False,False,False,True,False,False,b28b3s3w,b28b3s3,bbs,3,2,1,30-15,0,4,1,0,1,0,,,3
3343,20151121,Tour_Finals,Roger_Federer,Stanislas_Wawrinka,124,1,0,5,3,0-0,0,21,1,0,,1,2,RF,4 f38 b3 s3 f+1 f2 v1*,,,4f38b3s3f+1f2v1*,,0,,4f38b3s3f+1f2v1*,,1,,1,0,4,,f38b3s3f+1f2v1*,False,False,True,False,False,False,f38b3s3f1f2v1,f38b3s3f1f2v1,fbsffv,6,1,1,15-0,0,5,3,0,1,0,,,7
3345,20151121,Tour_Finals,Roger_Federer,Stanislas_Wawrinka,126,1,0,5,3,30-0,0,21,1,0,,1,2,RF,4+ s27 f3*,,,4+s27f3*,,1,,4s27f3*,,1,,1,0,4,,s27f3*,False,False,True,False,False,False,s27f3,s27f3,sf,2,1,1,40-0,0,5,3,0,1,0,,,3
3353,20151119,Tour_Finals,Roger_Federer,Kei_Nishikori,7,0,0,1,0,0-0,0,2,1,0,,2,1,KN,5 b28 f3 s3 f3 b2d@,,,5b28f3s3f3b2d@,,0,,5b28f3s3f3b2d@,,1,,1,0,5,,b28f3s3f3b2d@,False,False,False,False,True,False,b28f3s3f3b2d,b28f3s3f3b2,bfsfb,5,2,1,15-0,0,1,0,0,0,0,,,5
3355,20151119,Tour_Finals,Roger_Federer,Kei_Nishikori,9,0,0,1,0,15-15,0,2,1,0,,2,1,KN,6 b18 f2*,,,6b18f2*,,0,,6b18f2*,,1,,1,0,6,,b18f2*,False,False,True,False,False,False,b18f2,b18f2,bf,2,2,1,30-15,0,1,0,0,0,0,,,3
3363,20151119,Tour_Finals,Roger_Federer,Kei_Nishikori,17,0,0,1,1,30-30,0,3,1,0,,1,2,RF,c4 f28 f2 b3 b3 b2 f2 f2 b2 f3 b2 f1 f3 b2n@,,,4f28f2b3b3b2f2f2b2f3b2f1f3b2n@,,0,,4f28f2b3b3b2f2f2b2f3b2f1f3b2n@,,1,,1,0,4,,f28f2b3b3b2f2f2b2f3b2f1f3b2n@,False,False,False,False,True,False,f28f2b3b3b2f2f2b2f3b2f1f3b2n,f28f2b3b3b2f2f2b2f3b2f1f3b2,ffbbbffbfbffb,13,1,1,40-30,0,1,1,0,0,0,,,13
3392,20151119,Tour_Finals,Roger_Federer,Kei_Nishikori,46,0,0,3,4,15-15,0,8,1,0,,2,1,KN,5 s28 b3 b3 b1 f2d#,,,5s28b3b3b1f2d#,,0,,5s28b3b3b1f2d#,,1,,1,0,5,,s28b3b3b1f2d#,False,False,False,True,False,False,s28b3b3b1f2d,s28b3b3b1f2,sbbbf,5,2,1,30-15,0,3,4,0,0,0,,,5
3406,20151119,Tour_Finals,Roger_Federer,Kei_Nishikori,60,0,0,5,4,15-15,0,10,1,0,,2,1,KN,4 b27 f3*,,,4b27f3*,,0,,4b27f3*,,1,,1,0,4,,b27f3*,False,False,True,False,False,False,b27f3,b27f3,bf,2,2,1,30-15,0,5,4,0,0,0,,,3
3423,20151119,Tour_Finals,Roger_Federer,Kei_Nishikori,77,1,0,0,0,30-0,0,13,1,0,,1,2,RF,4+ f28 z3*,,,4+f28z3*,,1,,4f28z3*,,1,,1,0,4,,f28z3*,False,False,True,False,False,False,f28z3,f28z3,fz,2,1,1,40-0,0,0,0,0,1,0,,,3
3430,20151119,Tour_Finals,Roger_Federer,Kei_Nishikori,84,1,0,1,1,0-0,0,15,1,0,,1,2,RF,4+ f28 z3*,,,4+f28z3*,,1,,4f28z3*,,1,,1,0,4,,f28z3*,False,False,True,False,False,False,f28z3,f28z3,fz,2,1,1,15-0,0,1,1,0,1,0,,,3
3432,20151119,Tour_Finals,Roger_Federer,Kei_Nishikori,86,1,0,1,1,30-0,0,15,1,0,,1,2,RF,5 b27u+1 r2d#,,,5b27u+1r2d#,,0,,5b27u+1r2d#,,1,,1,0,5,,b27u+1r2d#,False,False,False,True,False,False,b27u1r2d,b27u1r2,bur,3,1,1,40-0,0,1,1,0,1,0,,,3
3438,20151119,Tour_Finals,Roger_Federer,Kei_Nishikori,92,1,0,3,1,0-0,0,17,1,0,,1,2,RF,4 f18 f1 r2d#,,,4f18f1r2d#,,0,,4f18f1r2d#,,1,,1,0,4,,f18f1r2d#,False,False,False,True,False,False,f18f1r2d,f18f1r2,ffr,3,1,1,15-0,0,3,1,0,1,0,,,3
3443,20151119,Tour_Finals,Roger_Federer,Kei_Nishikori,97,1,0,4,1,0-0,0,18,1,0,,2,1,KN,6 b27 f3 b2 f2 b1n@,,,6b27f3b2f2b1n@,,0,,6b27f3b2f2b1n@,,1,,1,0,6,,b27f3b2f2b1n@,False,False,False,False,True,False,b27f3b2f2b1n,b27f3b2f2b1,bfbfb,5,2,1,15-0,0,4,1,0,1,0,,,5
3454,20151119,Tour_Finals,Roger_Federer,Kei_Nishikori,108,1,0,4,3,0-0,0,20,1,0,,2,1,KN,4 f18 f3*,,,4f18f3*,,0,,4f18f3*,,1,,1,0,4,,f18f3*,False,False,True,False,False,False,f18f3,f18f3,ff,2,2,1,15-0,0,4,3,0,1,0,,,3
3466,20151119,Tour_Finals,Roger_Federer,Kei_Nishikori,120,1,0,4,5,15-15,0,22,1,0,,2,1,KN,6 b28 b3 b2d@,,,6b28b3b2d@,,0,,6b28b3b2d@,,1,,1,0,6,,b28b3b2d@,False,False,False,False,True,False,b28b3b2d,b28b3b2,bbb,3,2,1,30-15,0,4,5,0,1,0,,,3
3475,20151119,Tour_Finals,Roger_Federer,Kei_Nishikori,129,1,1,1,0,0-0,0,24,1,0,,2,1,KN,4 f17 f+3 m2 o1*,,,4f17f+3m2o1*,,0,,4f17f+3m2o1*,,1,,1,0,4,,f17f+3m2o1*,False,False,True,False,False,False,f17f3m2o1,f17f3m2o1,ffmo,4,2,1,15-0,0,1,0,0,1,1,,,5
3486,20151119,Tour_Finals,Roger_Federer,Kei_Nishikori,140,1,1,1,1,40-40,0,25,1,0,,1,2,RF,4 f28 f2 b2 f1 r1 f1 f2 b2 f3 s3 f3w@,,,4f28f2b2f1r1f1f2b2f3s3f3w@,,0,,4f28f2b2f1r1f1f2b2f3s3f3w@,,1,,1,0,4,,f28f2b2f1r1f1f2b2f3s3f3w@,False,False,False,False,True,False,f28f2b2f1r1f1f2b2f3s3f3w,f28f2b2f1r1f1f2b2f3s3f3,ffbfrffbfsf,11,1,1,AD-40,0,1,1,0,1,1,,,11
3502,20151119,Tour_Finals,Roger_Federer,Kei_Nishikori,156,1,1,3,1,30-30,0,27,1,0,,1,2,RF,4+ f28 v3*,,,4+f28v3*,,1,,4f28v3*,,1,,1,0,4,,f28v3*,False,False,True,False,False,False,f28v3,f28v3,fv,2,1,1,40-30,0,3,1,0,1,1,,,3
3504,20151119,Tour_Finals,Roger_Federer,Kei_Nishikori,158,1,1,4,1,0-0,0,28,1,0,,2,1,KN,4 f29 b3 b2 f3*,,,4f29b3b2f3*,,0,,4f29b3b2f3*,,1,,1,0,4,,f29b3b2f3*,False,False,True,False,False,False,f29b3b2f3,f29b3b2f3,fbbf,4,2,1,15-0,0,4,1,0,1,1,,,5
3510,20151119,Tour_Finals,Roger_Federer,Kei_Nishikori,164,1,1,4,2,0-0,0,29,1,0,,1,2,RF,4 f28 b2 b3 b2 f2 f2 b2 f3 b1 f2 b2 f3 b3 f3 s3u3 s+1 l2 p1n#,,,4f28b2b3b2f2f2b2f3b1f2b2f3b3f3s3u3s+1l2p1n#,,0,,4f28b2b3b2f2f2b2f3b1f2b2f3b3f3s3u3s+1l2p1n#,,1,,1,0,4,,f28b2b3b2f2f2b2f3b1f2b2f3b3f3s3u3s+1l2p1n#,False,False,False,True,False,False,f28b2b3b2f2f2b2f3b1f2b2f3b3f3s3u3s1l2p1n,f28b2b3b2f2f2b2f3b1f2b2f3b3f3s3u3s1l2p1,fbbbffbfbfbfbfsuslp,19,1,1,15-0,0,4,2,0,1,1,,,19
3522,20151119,Tour_Finals,Roger_Federer,Kei_Nishikori,176,1,1,4,3,30-0,0,30,1,0,,2,1,KN,4 f18 f3 s3x#,,,4f18f3s3x#,,0,,4f18f3s3x#,,1,,1,0,4,,f18f3s3x#,False,False,False,True,False,False,f18f3s3x,f18f3s3,ffs,3,2,1,40-0,0,4,3,0,1,1,,,3
3524,20151119,Tour_Finals,Roger_Federer,Kei_Nishikori,178,1,1,4,4,0-0,0,31,1,0,,1,2,RF,4+ f28 v3 b2 z2*,,,4+f28v3b2z2*,,1,,4f28v3b2z2*,,1,,1,0,4,,f28v3b2z2*,False,False,True,False,False,False,f28v3b2z2,f28v3b2z2,fvbz,4,1,1,15-0,0,4,4,0,1,1,,,5
3532,20151119,Tour_Finals,Roger_Federer,Kei_Nishikori,186,1,1,5,4,30-30,0,32,1,0,,2,1,KN,c4 f18 f+3 s2 v1 l#,,,4f18f+3s2v1l#,,0,,4f18f+3s2v1l#,,1,,1,0,4,,f18f+3s2v1l#,False,False,False,True,False,False,f18f3s2v1l,f18f3s2v1l,ffsvl,5,2,1,40-30,0,5,4,0,1,1,,,5
3544,20151117,Tour_Finals,Roger_Federer,Novak_Djokovic,9,0,0,1,0,0-0,0,2,1,0,,2,1,ND,4 f18 f3 s3 b-3*,,,4f18f3s3b-3*,,0,,4f18f3s3b-3*,,1,,1,0,4,,f18f3s3b-3*,False,False,True,False,False,False,f18f3s3b3,f18f3s3b3,ffsb,4,2,1,15-0,0,1,0,0,0,0,,,5
3561,20151117,Tour_Finals,Roger_Federer,Novak_Djokovic,26,0,0,2,2,0-0,0,5,1,0,,1,2,RF,6 b39 b2 f1w@,,,6b39b2f1w@,,0,,6b39b2f1w@,,1,,1,0,6,,b39b2f1w@,False,False,False,False,True,False,b39b2f1w,b39b2f1,bbf,3,1,1,15-0,0,2,2,0,0,0,,,3
3571,20151117,Tour_Finals,Roger_Federer,Novak_Djokovic,36,0,0,3,2,30-30,0,6,1,0,,2,1,ND,5 b27 f1*,,,5b27f1*,,0,,5b27f1*,,1,,1,0,5,,b27f1*,False,False,True,False,False,False,b27f1,b27f1,bf,2,2,1,40-30,0,3,2,0,0,0,,,3
3580,20151117,Tour_Finals,Roger_Federer,Novak_Djokovic,45,0,0,4,3,30-0,0,8,1,0,,2,1,ND,6 s27 f3 b#,,,6s27f3b#,,0,,6s27f3b#,,1,,1,0,6,,s27f3b#,False,False,False,True,False,False,s27f3b,s27f3b,sfb,3,2,1,40-0,0,4,3,0,0,0,,,3
3582,20151117,Tour_Finals,Roger_Federer,Novak_Djokovic,47,0,0,4,4,0-0,0,9,1,0,,1,2,RF,6 s19 f1 f2 f3 b2 f1 r2 f3*,,,6s19f1f2f3b2f1r2f3*,,0,,6s19f1f2f3b2f1r2f3*,,1,,1,0,6,,s19f1f2f3b2f1r2f3*,False,False,True,False,False,False,s19f1f2f3b2f1r2f3,s19f1f2f3b2f1r2f3,sfffbfrf,8,1,1,15-0,0,4,4,0,0,0,,,9
3588,20151117,Tour_Finals,Roger_Federer,Novak_Djokovic,53,0,0,5,4,15-15,0,10,1,0,,2,1,ND,4 f17 f1 f3d@,,,4f17f1f3d@,,0,,4f17f1f3d@,,1,,1,0,4,,f17f1f3d@,False,False,False,False,True,False,f17f1f3d,f17f1f3,fff,3,2,1,30-15,0,5,4,0,0,0,,,3
3592,20151117,Tour_Finals,Roger_Federer,Novak_Djokovic,57,0,0,5,5,0-0,0,11,1,0,,1,2,RF,4+ f27 i3 b3d#,,,4+f27i3b3d#,,1,,4f27i3b3d#,,1,,1,0,4,,f27i3b3d#,False,False,False,True,False,False,f27i3b3d,f27i3b3,fib,3,1,1,15-0,0,5,5,0,0,0,,,3
3651,20151117,Tour_Finals,Roger_Federer,Novak_Djokovic,116,1,0,5,2,40-40,0,20,1,0,,2,1,ND,4 f28 b2 b2 f1 f@,,,4f28b2b2f1f@,,0,,4f28b2b2f1f@,,1,,1,0,4,,f28b2b2f1f@,False,False,False,False,True,False,f28b2b2f1f,f28b2b2f1f,fbbff,5,2,1,AD-40,0,5,2,0,1,0,,,5
3669,20151031,Basel,Roger_Federer,Jack_Sock,15,0,0,1,1,0-0,0,3,1,0,,1,2,RF,6 b27 f+2*,,,6b27f+2*,,0,,6b27f+2*,,1,,1,0,6,,b27f+2*,False,False,True,False,False,False,b27f2,b27f2,bf,2,1,1,15-0,0,1,1,0,0,0,,,3
3671,20151031,Basel,Roger_Federer,Jack_Sock,17,0,0,1,1,30-0,0,3,1,0,,1,2,RF,6+ b28 z1*,,,6+b28z1*,,1,,6b28z1*,,1,,1,0,6,,b28z1*,False,False,True,False,False,False,b28z1,b28z1,bz,2,1,1,40-0,0,1,1,0,0,0,,,3
3694,20151031,Basel,Roger_Federer,Jack_Sock,40,0,0,4,2,30-0,0,7,1,0,,1,2,RF,4+ f18 h3*,,,4+f18h3*,,1,,4f18h3*,,1,,1,0,4,,f18h3*,False,False,True,False,False,False,f18h3,f18h3,fh,2,1,1,40-0,0,4,2,0,0,0,,,3
3702,20151031,Basel,Roger_Federer,Jack_Sock,48,0,0,5,3,0-0,0,9,1,0,,1,2,RF,6 b18 f1 f2n@,,,6b18f1f2n@,,0,,6b18f1f2n@,,1,,1,0,6,,b18f1f2n@,False,False,False,False,True,False,b18f1f2n,b18f1f2,bff,3,1,1,15-0,0,5,3,0,0,0,,,3
3707,20151031,Basel,Roger_Federer,Jack_Sock,53,1,0,0,0,0-0,0,10,1,0,,2,1,JS,5 r27 f+1 f2d@,,,5r27f+1f2d@,,0,,5r27f+1f2d@,,1,,1,0,5,,r27f+1f2d@,False,False,False,False,True,False,r27f1f2d,r27f1f2,rff,3,2,1,15-0,0,0,0,0,1,0,,,3
3711,20151031,Basel,Roger_Federer,Jack_Sock,57,1,0,0,1,0-0,0,11,1,0,,1,2,RF,4 f38 b3 s3 s+3 b1w#,,,4f38b3s3s+3b1w#,,0,,4f38b3s3s+3b1w#,,1,,1,0,4,,f38b3s3s+3b1w#,False,False,False,True,False,False,f38b3s3s3b1w,f38b3s3s3b1,fbssb,5,1,1,15-0,0,0,1,0,1,0,,,5
3730,20151031,Basel,Roger_Federer,Jack_Sock,76,1,0,2,1,30-0,0,13,1,0,,1,2,RF,4 f18 f+;3 f3n@,,,4f18f+;3f3n@,,0,,4f18f+;3f3n@,,1,,1,0,4,,f18f+;3f3n@,False,False,False,False,True,False,f18f3f3n,f18f3f3,fff,3,1,1,40-0,0,2,1,0,1,0,,,3
3750,20151031,Basel,Roger_Federer,Jack_Sock,96,1,0,5,2,15-15,0,17,1,0,,1,2,RF,4 f28 f3 s1 f3*,,,4f28f3s1f3*,,0,,4f28f3s1f3*,,1,,1,0,4,,f28f3s1f3*,False,False,True,False,False,False,f28f3s1f3,f28f3s1f3,ffsf,4,1,1,30-15,0,5,2,0,1,0,,,5
3754,20151031,Basel,Roger_Federer,Jack_Sock,100,1,0,5,3,0-0,0,18,1,0,,2,1,JS,4 f28 f3*,,,4f28f3*,,0,,4f28f3*,,1,,1,0,4,,f28f3*,False,False,True,False,False,False,f28f3,f28f3,ff,2,2,1,15-0,0,5,3,0,1,0,,,3
3762,20151031,Basel,Roger_Federer,Jack_Sock,108,1,0,5,4,15-15,0,19,1,0,,1,2,RF,6+ b28 z3 b1 v1*,,,6+b28z3b1v1*,,1,,6b28z3b1v1*,,1,,1,0,6,,b28z3b1v1*,False,False,True,False,False,False,b28z3b1v1,b28z3b1v1,bzbv,4,1,1,30-15,0,5,4,0,1,0,,,5
3765,20151030,Basel,Roger_Federer,David_Goffin,1,0,0,0,0,0-0,0,1,1,0,,1,2,RF,4 f28 f1 r2 z3*,,,4f28f1r2z3*,,0,,4f28f1r2z3*,,1,,1,0,4,,f28f1r2z3*,False,False,True,False,False,False,f28f1r2z3,f28f1r2z3,ffrz,4,1,1,15-0,0,0,0,0,0,0,,,5
3767,20151030,Basel,Roger_Federer,David_Goffin,3,0,0,0,0,30-0,0,1,1,0,,1,2,RF,4+ f27 v3 b1w#,,,4+f27v3b1w#,,1,,4f27v3b1w#,,1,,1,0,4,,f27v3b1w#,False,False,False,True,False,False,f27v3b1w,f27v3b1,fvb,3,1,1,40-0,0,0,0,0,0,0,,,3
3778,20151030,Basel,Roger_Federer,David_Goffin,14,0,0,1,1,30-0,0,3,1,0,,1,2,RF,6 b18 f1 s2 v1 f2 v3*,,,6b18f1s2v1f2v3*,,0,,6b18f1s2v1f2v3*,,1,,1,0,6,,b18f1s2v1f2v3*,False,False,True,False,False,False,b18f1s2v1f2v3,b18f1s2v1f2v3,bfsvfv,6,1,1,40-0,0,1,1,0,0,0,,,7
3784,20151030,Basel,Roger_Federer,David_Goffin,20,0,0,2,1,15-15,0,4,1,0,,2,1,DG,4 f38 b3 s3 b3 b3 b2 f2 f1 s3 b1 f1n@,,,4f38b3s3b3b3b2f2f1s3b1f1n@,,0,,4f38b3s3b3b3b2f2f1s3b1f1n@,,1,,1,0,4,,f38b3s3b3b3b2f2f1s3b1f1n@,False,False,False,False,True,False,f38b3s3b3b3b2f2f1s3b1f1n,f38b3s3b3b3b2f2f1s3b1f1,fbsbbbffsbf,11,2,1,30-15,0,2,1,0,0,0,,,11
3794,20151030,Basel,Roger_Federer,David_Goffin,30,0,0,3,2,0-30,0,6,1,0,,2,1,DG,4 f28 b+3 s2 v1*,,,4f28b+3s2v1*,,0,,4f28b+3s2v1*,,1,,1,0,4,,f28b+3s2v1*,False,False,True,False,False,False,f28b3s2v1,f28b3s2v1,fbsv,4,2,1,15-30,0,3,2,0,0,0,,,5
3801,20151030,Basel,Roger_Federer,David_Goffin,37,0,0,4,2,30-30,0,7,1,0,,1,2,RF,4 f27 f+3 m1 o=3*,,,4f27f+3m1o=3*,,0,,4f27f+3m1o=3*,,1,,1,0,4,,f27f+3m1o=3*,False,False,True,False,False,False,f27f3m1o3,f27f3m1o3,ffmo,4,1,1,40-30,0,4,2,0,0,0,,,5
3803,20151030,Basel,Roger_Federer,David_Goffin,39,0,0,4,2,40-40,0,7,1,0,,1,2,RF,4 f37 b2*,,,4f37b2*,,0,,4f37b2*,,1,,1,0,4,,f37b2*,False,False,True,False,False,False,f37b2,f37b2,fb,2,1,1,AD-40,0,4,2,0,0,0,,,3
3809,20151030,Basel,Roger_Federer,David_Goffin,45,0,0,4,2,40-40,0,7,1,0,,1,2,RF,6 s18 f+3*,,,6s18f+3*,,0,,6s18f+3*,,1,,1,0,6,,s18f+3*,False,False,True,False,False,False,s18f3,s18f3,sf,2,1,1,AD-40,0,4,2,0,0,0,,,3
3811,20151030,Basel,Roger_Federer,David_Goffin,47,0,0,4,2,40-40,0,7,1,0,,1,2,RF,4 f28 f3 s3 f+1 f1w@,,,4f28f3s3f+1f1w@,,0,,4f28f3s3f+1f1w@,,1,,1,0,4,,f28f3s3f+1f1w@,False,False,False,False,True,False,f28f3s3f1f1w,f28f3s3f1f1,ffsff,5,1,1,AD-40,0,4,2,0,0,0,,,5
3813,20151030,Basel,Roger_Federer,David_Goffin,49,0,0,4,2,40-40,0,7,1,0,,1,2,RF,4 f29 f3 s1n#,,,4f29f3s1n#,,0,,4f29f3s1n#,,1,,1,0,4,,f29f3s1n#,False,False,False,True,False,False,f29f3s1n,f29f3s1,ffs,3,1,1,AD-40,0,4,2,0,0,0,,,3
3856,20151030,Basel,Roger_Federer,David_Goffin,92,1,0,2,3,0-30,0,15,1,0,,1,2,RF,6+ b28 v3*,,,6+b28v3*,,1,,6b28v3*,,1,,1,0,6,,b28v3*,False,False,True,False,False,False,b28v3,b28v3,bv,2,1,1,15-30,0,2,3,0,1,0,,,3
3880,20151030,Basel,Roger_Federer,David_Goffin,116,1,1,0,0,0-0,0,19,1,0,,1,2,RF,4 f18 f3*,,,4f18f3*,,0,,4f18f3*,,1,,1,0,4,,f18f3*,False,False,True,False,False,False,f18f3,f18f3,ff,2,1,1,15-0,0,0,0,0,1,1,,,3
3894,20151030,Basel,Roger_Federer,David_Goffin,130,1,1,2,0,30-0,0,21,1,0,,1,2,RF,4 f18 f1 f3 f1 f1 l2 j+3 b3*,,,4f18f1f3f1f1l2j+3b3*,,0,,4f18f1f3f1f1l2j+3b3*,,1,,1,0,4,,f18f1f3f1f1l2j+3b3*,False,False,True,False,False,False,f18f1f3f1f1l2j3b3,f18f1f3f1f1l2j3b3,fffffljb,8,1,1,40-0,0,2,0,0,1,1,,,9
3905,20151030,Basel,Roger_Federer,David_Goffin,141,1,1,3,0,40-40,0,22,1,0,,2,1,DG,4 f29 b3 s3 s3 b2 f1 f3w@,,,4f29b3s3s3b2f1f3w@,,0,,4f29b3s3s3b2f1f3w@,,1,,1,0,4,,f29b3s3s3b2f1f3w@,False,False,False,False,True,False,f29b3s3s3b2f1f3w,f29b3s3s3b2f1f3,fbssbff,7,2,1,AD-40,0,3,0,0,1,1,,,7
3907,20151030,Basel,Roger_Federer,David_Goffin,143,1,1,3,1,0-0,0,23,1,0,,1,2,RF,4 f28 f2*,,,4f28f2*,,0,,4f28f2*,,1,,1,0,4,,f28f2*,False,False,True,False,False,False,f28f2,f28f2,ff,2,1,1,15-0,0,3,1,0,1,1,,,3
3947,20151027,Basel,Roger_Federer,Mikhail_Kukushkin,26,0,0,4,0,0-0,0,5,1,0,,1,2,RF,4 f;28 b+3 b#,,,4f;28b+3b#,,0,,4f;28b+3b#,,1,,1,0,4,,f;28b+3b#,False,False,False,True,False,False,f28b3b,f28b3b,fbb,3,1,1,15-0,0,4,0,0,0,0,,,3
3973,20151027,Basel,Roger_Federer,Mikhail_Kukushkin,52,1,0,0,0,40-40,0,8,1,0,,2,1,MK,6 s28 f1 f2 f1*,,,6s28f1f2f1*,,0,,6s28f1f2f1*,,1,,1,0,6,,s28f1f2f1*,False,False,True,False,False,False,s28f1f2f1,s28f1f2f1,sfff,4,2,1,AD-40,0,0,0,0,1,0,,,5
3977,20151027,Basel,Roger_Federer,Mikhail_Kukushkin,56,1,0,0,1,15-15,0,9,1,0,,1,2,RF,6 s27 b-2*,,,6s27b-2*,,0,,6s27b-2*,,1,,1,0,6,,s27b-2*,False,False,True,False,False,False,s27b2,s27b2,sb,2,1,1,30-15,0,0,1,0,1,0,,,3
4004,20151027,Basel,Roger_Federer,Mikhail_Kukushkin,83,1,0,3,2,30-0,0,13,1,0,,1,2,RF,5+ b27 h1 r1n#,,,5+b27h1r1n#,,1,,5b27h1r1n#,,1,,1,0,5,,b27h1r1n#,False,False,False,True,False,False,b27h1r1n,b27h1r1,bhr,3,1,1,40-0,0,3,2,0,1,0,,,3
4008,20151027,Basel,Roger_Federer,Mikhail_Kukushkin,87,1,0,4,2,0-30,0,14,1,0,,2,1,MK,6 b29 f3 s3n@,,,6b29f3s3n@,,0,,6b29f3s3n@,,1,,1,0,6,,b29f3s3n@,False,False,False,False,True,False,b29f3s3n,b29f3s3,bfs,3,2,1,15-30,0,4,2,0,1,0,,,3
4050,20150913,US_Open,Roger_Federer,Novak_Djokovic,36,0,0,3,2,0-0,0,6,1,0,,2,1,ND,5 b28 f1 f2 b1 r3w#,,,5b28f1f2b1r3w#,,0,,5b28f1f2b1r3w#,,1,,1,0,5,,b28f1f2b1r3w#,False,False,False,True,False,False,b28f1f2b1r3w,b28f1f2b1r3,bffbr,5,2,1,15-0,0,3,2,0,0,0,,,5
4055,20150913,US_Open,Roger_Federer,Novak_Djokovic,41,0,0,3,3,0-0,0,7,1,0,,1,2,RF,4 f18 f+3*,,,4f18f+3*,,0,,4f18f+3*,,1,,1,0,4,,f18f+3*,False,False,True,False,False,False,f18f3,f18f3,ff,2,1,1,15-0,0,3,3,0,0,0,,,3
4063,20150913,US_Open,Roger_Federer,Novak_Djokovic,49,0,0,3,4,15-15,0,8,1,0,,2,1,ND,c6 s27 b+1 f3 z3 b1d#,,,6s27b+1f3z3b1d#,,0,,6s27b+1f3z3b1d#,,1,,1,0,6,,s27b+1f3z3b1d#,False,False,False,True,False,False,s27b1f3z3b1d,s27b1f3z3b1,sbfzb,5,2,1,30-15,0,3,4,0,0,0,,,5
4067,20150913,US_Open,Roger_Federer,Novak_Djokovic,53,0,0,3,4,40-40,0,8,1,0,,2,1,ND,5 b17 f+3 m2 o3*,,,5b17f+3m2o3*,,0,,5b17f+3m2o3*,,1,,1,0,5,,b17f+3m2o3*,False,False,True,False,False,False,b17f3m2o3,b17f3m2o3,bfmo,4,2,1,AD-40,0,3,4,0,0,0,,,5
4069,20150913,US_Open,Roger_Federer,Novak_Djokovic,55,0,0,3,5,0-0,0,9,1,0,,1,2,RF,6 b27 f+1*,,,6b27f+1*,,0,,6b27f+1*,,1,,1,0,6,,b27f+1*,False,False,True,False,False,False,b27f1,b27f1,bf,2,1,1,15-0,0,3,5,0,0,0,,,3
4083,20150913,US_Open,Roger_Federer,Novak_Djokovic,69,0,1,0,0,15-15,0,11,1,0,,1,2,RF,6 b38 f3*,,,6b38f3*,,0,,6b38f3*,,1,,1,0,6,,b38f3*,False,False,True,False,False,False,b38f3,b38f3,bf,2,1,1,30-15,0,0,0,0,0,1,,,3
4087,20150913,US_Open,Roger_Federer,Novak_Djokovic,73,0,1,0,0,40-40,0,11,1,0,,1,2,RF,6 b27 f+3*,,,6b27f+3*,,0,,6b27f+3*,,1,,1,0,6,,b27f+3*,False,False,True,False,False,False,b27f3,b27f3,bf,2,1,1,AD-40,0,0,0,0,0,1,,,3
4105,20150913,US_Open,Roger_Federer,Novak_Djokovic,91,0,1,1,1,30-0,0,13,1,0,,1,2,RF,6+ s27 b3 b2n@,,,6+s27b3b2n@,,1,,6s27b3b2n@,,1,,1,0,6,,s27b3b2n@,False,False,False,False,True,False,s27b3b2n,s27b3b2,sbb,3,1,1,40-0,0,1,1,0,0,1,,,3
4109,20150913,US_Open,Roger_Federer,Novak_Djokovic,95,0,1,2,1,30-0,0,14,1,0,,2,1,ND,6 b+28 b3 z3 m2*,,,6b+28b3z3m2*,,0,,6b+28b3z3m2*,,1,,1,0,6,,b+28b3z3m2*,False,False,True,False,False,False,b28b3z3m2,b28b3z3m2,bbzm,4,2,1,40-0,0,2,1,0,0,1,,,5
4113,20150913,US_Open,Roger_Federer,Novak_Djokovic,99,0,1,2,2,30-0,0,15,1,0,,1,2,RF,4+ f28 v2 m2 o1*,,,4+f28v2m2o1*,,1,,4f28v2m2o1*,,1,,1,0,4,,f28v2m2o1*,False,False,True,False,False,False,f28v2m2o1,f28v2m2o1,fvmo,4,1,1,40-0,0,2,2,0,0,1,,,5
4115,20150913,US_Open,Roger_Federer,Novak_Djokovic,101,0,1,3,2,0-0,0,16,1,0,,2,1,ND,4 f27 f3*,,,4f27f3*,,0,,4f27f3*,,1,,1,0,4,,f27f3*,False,False,True,False,False,False,f27f3,f27f3,ff,2,2,1,15-0,0,3,2,0,0,1,,,3
4122,20150913,US_Open,Roger_Federer,Novak_Djokovic,108,0,1,3,3,30-0,0,17,1,0,,1,2,RF,6 b29 b2 f2 b1 f2 r1 v+2 f2 v2n#,,,6b29b2f2b1f2r1v+2f2v2n#,,0,,6b29b2f2b1f2r1v+2f2v2n#,,1,,1,0,6,,b29b2f2b1f2r1v+2f2v2n#,False,False,False,True,False,False,b29b2f2b1f2r1v2f2v2n,b29b2f2b1f2r1v2f2v2,bbfbfrvfv,9,1,1,40-0,0,3,3,0,0,1,,,9
4124,20150913,US_Open,Roger_Federer,Novak_Djokovic,110,0,1,4,3,0-0,0,18,1,0,,2,1,ND,6 s28 f+1 f1w@,,,6s28f+1f1w@,,0,,6s28f+1f1w@,,1,,1,0,6,,s28f+1f1w@,False,False,False,False,True,False,s28f1f1w,s28f1f1,sff,3,2,1,15-0,0,4,3,0,0,1,,,3
4128,20150913,US_Open,Roger_Federer,Novak_Djokovic,114,0,1,4,4,0-0,0,19,1,0,,1,2,RF,6 b28 f1 f2 f2 b3 b3 b3 f1 r2 f+3 m2d#,,,6b28f1f2f2b3b3b3f1r2f+3m2d#,,0,,6b28f1f2f2b3b3b3f1r2f+3m2d#,,1,,1,0,6,,b28f1f2f2b3b3b3f1r2f+3m2d#,False,False,False,True,False,False,b28f1f2f2b3b3b3f1r2f3m2d,b28f1f2f2b3b3b3f1r2f3m2,bfffbbbfrfm,11,1,1,15-0,0,4,4,0,0,1,,,11
4132,20150913,US_Open,Roger_Federer,Novak_Djokovic,118,0,1,4,4,30-30,0,19,1,0,,1,2,RF,c6 b27 f3 m2 o=1*,,,6b27f3m2o=1*,,0,,6b27f3m2o=1*,,1,,1,0,6,,b27f3m2o=1*,False,False,True,False,False,False,b27f3m2o1,b27f3m2o1,bfmo,4,1,1,40-30,0,4,4,0,0,1,,,5
4134,20150913,US_Open,Roger_Federer,Novak_Djokovic,120,0,1,5,4,0-0,0,20,1,0,,2,1,ND,c6 s27 f+1 f2 z3 s2 v1*,,,6s27f+1f2z3s2v1*,,0,,6s27f+1f2z3s2v1*,,1,,1,0,6,,s27f+1f2z3s2v1*,False,False,True,False,False,False,s27f1f2z3s2v1,s27f1f2z3s2v1,sffzsv,6,2,1,15-0,0,5,4,0,0,1,,,7
4138,20150913,US_Open,Roger_Federer,Novak_Djokovic,124,0,1,5,4,30-30,0,20,1,0,,2,1,ND,6 b27 f2 b+3 b2 v3 b3 z3w#,,,6b27f2b+3b2v3b3z3w#,,0,,6b27f2b+3b2v3b3z3w#,,1,,1,0,6,,b27f2b+3b2v3b3z3w#,False,False,False,True,False,False,b27f2b3b2v3b3z3w,b27f2b3b2v3b3z3,bfbbvbz,7,2,1,40-30,0,5,4,0,0,1,,,7
4140,20150913,US_Open,Roger_Federer,Novak_Djokovic,126,0,1,5,4,40-40,0,20,1,0,,2,1,ND,6 s27 f3*,,,6s27f3*,,0,,6s27f3*,,1,,1,0,6,,s27f3*,False,False,True,False,False,False,s27f3,s27f3,sf,2,2,1,AD-40,0,5,4,0,0,1,,,3
4152,20150913,US_Open,Roger_Federer,Novak_Djokovic,138,0,1,5,4,40-40,0,20,1,0,,2,1,ND,6 s27 b+3 b#,,,6s27b+3b#,,0,,6s27b+3b#,,1,,1,0,6,,s27b+3b#,False,False,False,True,False,False,s27b3b,s27b3b,sbb,3,2,1,AD-40,0,5,4,0,0,1,,,3
4154,20150913,US_Open,Roger_Federer,Novak_Djokovic,140,0,1,5,5,0-0,0,21,1,0,,1,2,RF,6 b28 b3 b3y+1 r1n#,,,6b28b3b3y+1r1n#,,0,,6b28b3b3y+1r1n#,,1,,1,0,6,,b28b3b3y+1r1n#,False,False,False,True,False,False,b28b3b3y1r1n,b28b3b3y1r1,bbbyr,5,1,1,15-0,0,5,5,0,0,1,,,5
4168,20150913,US_Open,Roger_Federer,Novak_Djokovic,154,1,1,0,0,15-15,0,23,1,0,,1,2,RF,4 f28 f+3 b3 z2 l3w#,,,4f28f+3b3z2l3w#,,0,,4f28f+3b3z2l3w#,,1,,1,0,4,,f28f+3b3z2l3w#,False,False,False,True,False,False,f28f3b3z2l3w,f28f3b3z2l3,ffbzl,5,1,1,30-15,0,0,0,0,1,1,,,5
